<?xml version="1.0" encoding="UTF-8"?>
<!DOCTYPE html PUBLIC "-//W3C//DTD XHTML 1.0 Transitional//EN"
    "http://www.w3.org/TR/xhtml1/DTD/xhtml1-transitional.dtd">
<html xmlns="http://www.w3.org/1999/xhtml" xml:lang="en" lang="en">
 <head>
  <title>
</title>
<meta http-equiv="Content-Type" content="text/html;charset=utf-8" />
  <meta name='ocr-system' content='tesseract 3.04.00' />
  <meta name='ocr-capabilities' content='ocr_page ocr_carea ocr_par ocr_line ocrx_word'/>
</head>
<body>
  <div class='ocr_page' id='page_1' title='image "./4625149_0017.png"; bbox 0 0 1978 3194; ppageno 0'>
   <div class='ocr_carea' id='block_1_1' title="bbox 182 258 1743 1381">
    <p class='ocr_par' dir='ltr' id='par_1_1' title="bbox 182 258 1743 815">
     <span class='ocr_line' id='line_1_1' title="bbox 198 258 1742 324; baseline -0.005 -10"><span class='ocrx_word' id='word_1_1' title='bbox 198 286 276 314; x_wconf 87' lang='lat' dir='ltr'>non</span> <span class='ocrx_word' id='word_1_2' title='bbox 304 285 376 324; x_wconf 88' lang='lat' dir='ltr'>per</span> <span class='ocrx_word' id='word_1_3' title='bbox 394 270 660 311; x_wconf 78' lang='lat' dir='ltr'>attractionem</span> <span class='ocrx_word' id='word_1_4' title='bbox 680 270 951 321; x_wconf 85' lang='lat' dir='ltr'>explicandum</span> <span class='ocrx_word' id='word_1_5' title='bbox 972 282 1071 319; x_wconf 86' lang='lat' dir='ltr'>esse,</span> <span class='ocrx_word' id='word_1_6' title='bbox 1103 270 1171 310; x_wconf 91' lang='lat' dir='ltr'>sed</span> <span class='ocrx_word' id='word_1_7' title='bbox 1193 270 1363 322; x_wconf 87' lang='lat' dir='ltr'>pendere</span> <span class='ocrx_word' id='word_1_8' title='bbox 1392 282 1442 308; x_wconf 83' lang='lat' dir='ltr'>ex</span> <span class='ocrx_word' id='word_1_9' title='bbox 1462 258 1742 320; x_wconf 66' lang='lat' dir='ltr'>praepositione</span> 
     </span>
     <span class='ocr_line' id='line_1_2' title="bbox 200 340 1741 396; baseline -0.005 -12"><span class='ocrx_word' id='word_1_10' title='bbox 200 341 288 392; x_wconf 84' lang='grc' dir='ltr'><strong>ἀπό,</strong></span> <span class='ocrx_word' id='word_1_11' title='bbox 319 355 417 394; x_wconf 89' lang='lat' dir='ltr'>quae</span> <span class='ocrx_word' id='word_1_12' title='bbox 438 342 553 380; x_wconf 81' lang='lat' dir='ltr'>etia-m</span> <span class='ocrx_word' id='word_1_13' title='bbox 573 342 622 378; x_wconf 81' lang='lat' dir='ltr'>ad</span> <span class='ocrx_word' id='word_1_14' title='bbox 641 353 853 391; x_wconf 81' lang='lat' dir='ltr'>pronomen</span> <span class='ocrx_word' id='word_1_15' title='bbox 872 342 1077 379; x_wconf 75' lang='lat' dir='ltr'>relativum</span> <span class='ocrx_word' id='word_1_16' title='bbox 1096 347 1167 396; x_wconf 81' lang='grc' dir='ltr'>τῆς</span> <span class='ocrx_word' id='word_1_17' title='bbox 1187 341 1448 379; x_wconf 86' lang='lat' dir='ltr'>subaudienda</span> <span class='ocrx_word' id='word_1_18' title='bbox 1470 341 1529 378; x_wconf 89' lang='lat' dir='ltr'>sit.</span> <span class='ocrx_word' id='word_1_19' title='bbox 1576 340 1741 377; x_wconf 86' lang='lat' dir='ltr'>Verum-</span> 
     </span>
     <span class='ocr_line' id='line_1_3' title="bbox 182 405 1740 462; baseline -0.004 -8"><span class='ocrx_word' id='word_1_20' title='bbox 182 415 396 454; x_wconf 78' lang='lat' dir='ltr'>‘enimvero</span> <span class='ocrx_word' id='word_1_21' title='bbox 426 415 469 450; x_wconf 88' lang='lat' dir='ltr'>ut</span> <span class='ocrx_word' id='word_1_22' title='bbox 498 423 561 451; x_wconf 90' lang='lat' dir='ltr'>res</span> <span class='ocrx_word' id='word_1_23' title='bbox 592 412 644 450; x_wconf 85' lang='lat' dir='ltr'>ita-</span> <span class='ocrx_word' id='word_1_24' title='bbox 675 424 717 451; x_wconf 89' lang='lat' dir='ltr'>se</span> <span class='ocrx_word' id='word_1_25' title='bbox 747 412 894 459; x_wconf 83' lang='lat' dir='ltr'>habeat,</span> <span class='ocrx_word' id='word_1_26' title='bbox 925 412 1115 462; x_wconf 87' lang='lat' dir='ltr'>quomodo</span> <span class='ocrx_word' id='word_1_27' title='bbox 1136 412 1380 450; x_wconf 88' lang='lat' dir='ltr'>emmtiatnm</span> <span class='ocrx_word' id='word_1_28' title='bbox 1409 411 1632 450; x_wconf 74' lang='lat' dir='ltr'>relatimm:</span> <span class='ocrx_word' id='word_1_29' title='bbox 1665 405 1740 448; x_wconf 84' lang='grc' dir='ltr'>ἀπὸ</span> 
     </span>
     <span class='ocr_line' id='line_1_4' title="bbox 198 480 1742 539; baseline -0.003 -18"><span class='ocrx_word' id='word_1_30' title='bbox 198 490 271 539; x_wconf 82' lang='grc' dir='ltr'>τῆς</span> <span class='ocrx_word' id='word_1_31' title='bbox 298 495 381 533; x_wconf 86' lang='lat' dir='ltr'><strong>sqq.</strong></span> <span class='ocrx_word' id='word_1_32' title='bbox 402 482 633 520; x_wconf 80' lang='lat' dir='ltr'>vertendum</span> <span class='ocrx_word' id='word_1_33' title='bbox 659 483 710 520; x_wconf 88' lang='lat' dir='ltr'>sit</span> <span class='ocrx_word' id='word_1_34' title='bbox 729 494 792 520; x_wconf 90' lang='lat' dir='ltr'>me</span> <span class='ocrx_word' id='word_1_35' title='bbox 813 483 964 521; x_wconf 89' lang='lat' dir='ltr'>nescire</span> <span class='ocrx_word' id='word_1_36' title='bbox 984 483 1115 520; x_wconf 87' lang='lat' dir='ltr'>fateor.</span> <span class='ocrx_word' id='word_1_37' title='bbox 1146 494 1150 498; x_wconf 50' lang='lat'><em>*</em></span> <span class='ocrx_word' id='word_1_38' title='bbox 1176 482 1263 520; x_wconf 91' lang='lat' dir='ltr'>Huc</span> <span class='ocrx_word' id='word_1_39' title='bbox 1292 485 1422 519; x_wconf 87' lang='lat' dir='ltr'>autem</span> <span class='ocrx_word' id='word_1_40' title='bbox 1451 481 1599 519; x_wconf 89' lang='lat' dir='ltr'>accedit</span> <span class='ocrx_word' id='word_1_41' title='bbox 1635 480 1742 518; x_wconf 82' lang='lat' dir='ltr'>aliud</span> 
     </span>
     <span class='ocr_line' id='line_1_5' title="bbox 197 550 1742 603; baseline -0.002 -12"><span class='ocrx_word' id='word_1_42' title='bbox 197 556 488 603; x_wconf 81' lang='lat' dir='ltr'>argumentum:</span> <span class='ocrx_word' id='word_1_43' title='bbox 525 552 751 602; x_wconf 82' lang='lat' dir='ltr'>saepissime</span> <span class='ocrx_word' id='word_1_44' title='bbox 766 565 903 602; x_wconf 85' lang='lat' dir='ltr'>graeco</span> <span class='ocrx_word' id='word_1_45' title='bbox 920 564 1097 591; x_wconf 87' lang='lat' dir='ltr'>sermone</span> <span class='ocrx_word' id='word_1_46' title='bbox 1111 553 1228 591; x_wconf 78' lang='lat' dir='ltr'>verba</span> <span class='ocrx_word' id='word_1_47' title='bbox 1242 552 1395 602; x_wconf 75' lang='lat' dir='ltr'>passiva</span> <span class='ocrx_word' id='word_1_48' title='bbox 1419 564 1508 590; x_wconf 90' lang='lat' dir='ltr'>cum</span> <span class='ocrx_word' id='word_1_49' title='bbox 1526 550 1742 589; x_wconf 77' lang='lat' dir='ltr'>accusativo</span> 
     </span>
     <span class='ocr_line' id='line_1_6' title="bbox 200 620 1742 675; baseline -0.002 -13"><span class='ocrx_word' id='word_1_50' title='bbox 200 623 428 662; x_wconf 69' lang='lat' dir='ltr'>substantivi</span> <span class='ocrx_word' id='word_1_51' title='bbox 447 623 495 660; x_wconf 86' lang='lat' dir='ltr'>ab</span> <span class='ocrx_word' id='word_1_52' title='bbox 516 623 651 661; x_wconf 87' lang='lat' dir='ltr'>eadem</span> <span class='ocrx_word' id='word_1_53' title='bbox 671 623 798 661; x_wconf 79' lang='lat' dir='ltr'>radice</span> <span class='ocrx_word' id='word_1_54' title='bbox 819 623 982 661; x_wconf 72' lang='lat' dir='ltr'>derivati</span> <span class='ocrx_word' id='word_1_55' title='bbox 1002 623 1194 671; x_wconf 86' lang='lat' dir='ltr'>coniungi,</span> <span class='ocrx_word' id='word_1_56' title='bbox 1214 622 1377 671; x_wconf 76' lang='lat' dir='ltr'>velut1):</span> <span class='ocrx_word' id='word_1_57' title='bbox 1409 621 1519 675; x_wconf 78' lang='grc' dir='ltr'>τιμὴν</span> <span class='ocrx_word' id='word_1_58' title='bbox 1538 620 1742 675; x_wconf 77' lang='grc' dir='ltr'>τιμᾶσθαι,</span> 
     </span>
     <span class='ocr_line' id='line_1_7' title="bbox 199 687 1743 747; baseline -0.003 -15"><span class='ocrx_word' id='word_1_59' title='bbox 199 689 305 746; x_wconf 75' lang='grc' dir='ltr'>ὕβριν</span> <span class='ocrx_word' id='word_1_60' title='bbox 335 687 574 745; x_wconf 73' lang='grc' dir='ltr'>ὑβρίζεσθαι,</span> <span class='ocrx_word' id='word_1_61' title='bbox 606 705 682 743; x_wconf 89' lang='lat' dir='ltr'>qua</span> <span class='ocrx_word' id='word_1_62' title='bbox 712 693 760 732; x_wconf 82' lang='lat' dir='ltr'>de</span> <span class='ocrx_word' id='word_1_63' title='bbox 791 704 904 732; x_wconf 88' lang='lat' dir='ltr'>causa</span> <span class='ocrx_word' id='word_1_64' title='bbox 927 696 967 731; x_wconf 87' lang='lat' dir='ltr'>et</span> <span class='ocrx_word' id='word_1_65' title='bbox 989 696 1119 732; x_wconf 88' lang='lat' dir='ltr'>nostro</span> <span class='ocrx_word' id='word_1_66' title='bbox 1141 693 1224 732; x_wconf 92' lang='lat' dir='ltr'>loco</span> <span class='ocrx_word' id='word_1_67' title='bbox 1245 704 1455 743; x_wconf 84' lang='lat' dir='ltr'>pronomen</span> <span class='ocrx_word' id='word_1_68' title='bbox 1484 696 1556 747; x_wconf 83' lang='grc' dir='ltr'>τῆς</span> <span class='ocrx_word' id='word_1_69' title='bbox 1585 691 1743 730; x_wconf 90' lang='lat' dir='ltr'>nonnisi</span> 
     </span>
     <span class='ocr_line' id='line_1_8' title="bbox 198 764 964 815; baseline -0.001 -13"><span class='ocrx_word' id='word_1_70' title='bbox 198 776 268 815; x_wconf 90' lang='lat' dir='ltr'>per</span> <span class='ocrx_word' id='word_1_71' title='bbox 297 764 561 801; x_wconf 76' lang='lat' dir='ltr'>attractionem</span> <span class='ocrx_word' id='word_1_72' title='bbox 591 764 864 813; x_wconf 86' lang='lat' dir='ltr'>explicandum</span> <span class='ocrx_word' id='word_1_73' title='bbox 895 767 964 801; x_wconf 90' lang='lat' dir='ltr'>est.</span> 
     </span>
    </p>

    <p class='ocr_par' dir='ltr' id='par_1_2' title="bbox 198 832 1743 1165">
     <span class='ocr_line' id='line_1_9' title="bbox 315 832 1741 883; baseline -0.001 -12"><span class='ocrx_word' id='word_1_74' title='bbox 315 834 492 872; x_wconf 90' lang='lat' dir='ltr'>Alterum</span> <span class='ocrx_word' id='word_1_75' title='bbox 522 834 746 883; x_wconf 85' lang='lat' dir='ltr'>exemplum</span> <span class='ocrx_word' id='word_1_76' title='bbox 775 834 1012 872; x_wconf 82' lang='lat' dir='ltr'>attractionis</span> <span class='ocrx_word' id='word_1_77' title='bbox 1036 835 1078 871; x_wconf 89' lang='lat' dir='ltr'>in</span> <span class='ocrx_word' id='word_1_78' title='bbox 1097 835 1277 883; x_wconf 81' lang='lat' dir='ltr'>genetivo</span> <span class='ocrx_word' id='word_1_79' title='bbox 1299 834 1488 883; x_wconf 79' lang='lat' dir='ltr'>singulari</span> <span class='ocrx_word' id='word_1_80' title='bbox 1503 832 1741 883; x_wconf 79' lang='lat' dir='ltr'>pronominis</span> 
     </span>
     <span class='ocr_line' id='line_1_10' title="bbox 198 898 1741 959; baseline -0.001 -17"><span class='ocrx_word' id='word_1_81' title='bbox 198 903 349 942; x_wconf 82' lang='lat' dir='ltr'>relativi</span> <span class='ocrx_word' id='word_1_82' title='bbox 365 903 557 942; x_wconf 81' lang='lat' dir='ltr'>adhibitae</span> <span class='ocrx_word' id='word_1_83' title='bbox 573 907 679 942; x_wconf 81' lang='lat' dir='ltr'>extat</span> <span class='ocrx_word' id='word_1_84' title='bbox 699 904 741 941; x_wconf 83' lang='lat' dir='ltr'>in</span> <span class='ocrx_word' id='word_1_85' title='bbox 763 904 788 942; x_wconf 91' lang='grc'>1.</span> <span class='ocrx_word' id='word_1_86' title='bbox 805 903 882 942; x_wconf 74' lang='lat' dir='ltr'>VH</span> <span class='ocrx_word' id='word_1_87' title='bbox 898 903 939 942; x_wconf 83' lang='lat' dir='ltr'>C.</span> <span class='ocrx_word' id='word_1_88' title='bbox 958 906 994 943; x_wconf 80' lang='lat'>8.</span> <span class='ocrx_word' id='word_1_89' title='bbox 1013 916 1057 942; x_wconf 87' lang='grc' dir='ltr'>α;</span> <span class='ocrx_word' id='word_1_90' title='bbox 1090 901 1301 959; x_wconf 71' lang='grc' dir='ltr'>φροντίζων</span> <span class='ocrx_word' id='word_1_91' title='bbox 1319 902 1362 943; x_wconf 84' lang='grc' dir='ltr'>δὲ</span> <span class='ocrx_word' id='word_1_92' title='bbox 1380 898 1547 956; x_wconf 72' lang='grc' dir='ltr'>εὑρίσκω</span> <span class='ocrx_word' id='word_1_93' title='bbox 1569 898 1654 958; x_wconf 79' lang='grc' dir='ltr'>ἅμα</span> <span class='ocrx_word' id='word_1_94' title='bbox 1671 901 1741 957; x_wconf 79' lang='grc' dir='ltr'>μὲν</span> 
     </span>
     <span class='ocr_line' id='line_1_11' title="bbox 198 970 1741 1029; baseline -0.001 -16"><span class='ocrx_word' id='word_1_95' title='bbox 198 972 315 1019; x_wconf 82' lang='grc' dir='ltr'>κῦδος</span> <span class='ocrx_word' id='word_1_96' title='bbox 330 970 422 1027; x_wconf 75' lang='grc' dir='ltr'>ἡμῖν</span> <span class='ocrx_word' id='word_1_97' title='bbox 439 986 483 1013; x_wconf 89' lang='grc' dir='ltr'>τε</span> <span class='ocrx_word' id='word_1_98' title='bbox 498 976 789 1028; x_wconf 75' lang='grc' dir='ltr'>προςγινὸμενον</span> <span class='ocrx_word' id='word_1_99' title='bbox 805 976 941 1029; x_wconf 84' lang='grc' dir='ltr'>χώρην</span> <span class='ocrx_word' id='word_1_100' title='bbox 958 987 999 1013; x_wconf 89' lang='grc' dir='ltr'>τε</span> <span class='ocrx_word' id='word_1_101' title='bbox 1020 980 1072 1029; x_wconf 84' lang='grc' dir='ltr'>τῆ</span> <span class='ocrx_word' id='word_1_102' title='bbox 1084 989 1104 1020; x_wconf 87' lang='grc' dir='ltr'>ς</span> <span class='ocrx_word' id='word_1_103' title='bbox 1123 979 1191 1014; x_wconf 74' lang='grc' dir='ltr'>νῦν</span> <span class='ocrx_word' id='word_1_104' title='bbox 1200 974 1434 1028; x_wconf 76' lang='grc' dir='ltr'>κεκτήμεθα</span> <span class='ocrx_word' id='word_1_105' title='bbox 1443 970 1515 1013; x_wconf 72' lang='grc' dir='ltr'>οὐκ</span> <span class='ocrx_word' id='word_1_106' title='bbox 1530 971 1741 1018; x_wconf 73' lang='grc' dir='ltr'>ἐλάσσονα,</span> 
     </span>
     <span class='ocr_line' id='line_1_12' title="bbox 200 1044 1743 1095; baseline 0.001 -14"><span class='ocrx_word' id='word_1_107' title='bbox 200 1056 274 1094; x_wconf 89' lang='lat' dir='ltr'>qua</span> <span class='ocrx_word' id='word_1_108' title='bbox 319 1044 360 1081; x_wconf 87' lang='lat' dir='ltr'>in</span> <span class='ocrx_word' id='word_1_109' title='bbox 397 1047 587 1082; x_wconf 84' lang='lat' dir='ltr'>structura</span> <span class='ocrx_word' id='word_1_110' title='bbox 617 1045 731 1095; x_wconf 85' lang='lat' dir='ltr'>plane</span> <span class='ocrx_word' id='word_1_111' title='bbox 764 1056 833 1083; x_wconf 91' lang='lat' dir='ltr'>suo</span> <span class='ocrx_word' id='word_1_112' title='bbox 863 1045 946 1084; x_wconf 90' lang='grc'>1000</span> <span class='ocrx_word' id='word_1_113' title='bbox 977 1048 1037 1083; x_wconf 84' lang='lat' dir='ltr'>est</span> <span class='ocrx_word' id='word_1_114' title='bbox 1066 1045 1238 1083; x_wconf 83' lang='lat' dir='ltr'>attractio</span> <span class='ocrx_word' id='word_1_115' title='bbox 1268 1044 1317 1083; x_wconf 80' lang='lat' dir='ltr'>ad</span> <span class='ocrx_word' id='word_1_116' title='bbox 1352 1044 1641 1094; x_wconf 85' lang='lat' dir='ltr'>coniungendas</span> <span class='ocrx_word' id='word_1_117' title='bbox 1676 1055 1743 1082; x_wconf 89' lang='lat' dir='ltr'>no·</span> 
     </span>
     <span class='ocr_line' id='line_1_13' title="bbox 199 1116 1741 1165; baseline 0 -13"><span class='ocrx_word' id='word_1_118' title='bbox 199 1116 335 1163; x_wconf 82' lang='lat' dir='ltr'>tiones,</span> <span class='ocrx_word' id='word_1_119' title='bbox 357 1128 455 1164; x_wconf 88' lang='lat' dir='ltr'>quae</span> <span class='ocrx_word' id='word_1_120' title='bbox 475 1116 578 1154; x_wconf 86' lang='lat' dir='ltr'>inter</span> <span class='ocrx_word' id='word_1_121' title='bbox 599 1128 640 1153; x_wconf 85' lang='lat' dir='ltr'>se</span> <span class='ocrx_word' id='word_1_122' title='bbox 661 1116 873 1165; x_wconf 87' lang='lat' dir='ltr'>comparari</span> <span class='ocrx_word' id='word_1_123' title='bbox 893 1116 1045 1163; x_wconf 84' lang='lat' dir='ltr'>debent,</span> <span class='ocrx_word' id='word_1_124' title='bbox 1074 1117 1204 1165; x_wconf 80' lang='lat' dir='ltr'>itaque</span> <span class='ocrx_word' id='word_1_125' title='bbox 1224 1120 1307 1154; x_wconf 87' lang='lat' dir='ltr'>arte</span> <span class='ocrx_word' id='word_1_126' title='bbox 1328 1116 1429 1154; x_wconf 87' lang='lat' dir='ltr'>inter</span> <span class='ocrx_word' id='word_1_127' title='bbox 1460 1128 1501 1153; x_wconf 88' lang='lat' dir='ltr'>se</span> <span class='ocrx_word' id='word_1_128' title='bbox 1525 1116 1741 1153; x_wconf 88' lang='lat' dir='ltr'>cohaerent.</span> 
     </span>
    </p>

    <p class='ocr_par' dir='ltr' id='par_1_3' title="bbox 199 1185 1743 1381">
     <span class='ocr_line' id='line_1_14' title="bbox 317 1185 1743 1235; baseline 0 -13"><span class='ocrx_word' id='word_1_129' title='bbox 317 1185 497 1235; x_wconf 83' lang='lat' dir='ltr'>Denique</span> <span class='ocrx_word' id='word_1_130' title='bbox 527 1185 575 1223; x_wconf 84' lang='lat' dir='ltr'>ad</span> <span class='ocrx_word' id='word_1_131' title='bbox 605 1185 871 1224; x_wconf 75' lang='lat' dir='ltr'>attributivum</span> <span class='ocrx_word' id='word_1_132' title='bbox 902 1186 1186 1224; x_wconf 84' lang='lat' dir='ltr'>enuntiatorum</span> <span class='ocrx_word' id='word_1_133' title='bbox 1215 1185 1467 1224; x_wconf 74' lang='lat' dir='ltr'>relativorum</span> <span class='ocrx_word' id='word_1_134' title='bbox 1495 1187 1743 1223; x_wconf 86' lang='lat' dir='ltr'>attractorum</span> 
     </span>
     <span class='ocr_line' id='line_1_15' title="bbox 199 1252 1743 1309; baseline -0.001 -15"><span class='ocrx_word' id='word_1_135' title='bbox 199 1268 324 1304; x_wconf 86' lang='lat' dir='ltr'>genus</span> <span class='ocrx_word' id='word_1_136' title='bbox 354 1257 591 1294; x_wconf 73' lang='lat' dir='ltr'>revocandus</span> <span class='ocrx_word' id='word_1_137' title='bbox 622 1260 683 1295; x_wconf 85' lang='lat' dir='ltr'>est</span> <span class='ocrx_word' id='word_1_138' title='bbox 712 1257 819 1295; x_wconf 88' lang='lat' dir='ltr'>locus</span> <span class='ocrx_word' id='word_1_139' title='bbox 850 1257 875 1294; x_wconf 91' lang='grc'>1.</span> <span class='ocrx_word' id='word_1_140' title='bbox 907 1257 966 1295; x_wconf 92' lang='lat' dir='ltr'>III</span> <span class='ocrx_word' id='word_1_141' title='bbox 988 1257 1027 1295; x_wconf 81' lang='lat' dir='ltr'>C.</span> <span class='ocrx_word' id='word_1_142' title='bbox 1055 1260 1153 1296; x_wconf 78' lang='lat'>142:</span> <span class='ocrx_word' id='word_1_143' title='bbox 1186 1253 1289 1294; x_wconf 78' lang='grc' dir='ltr'>ἀλλὰ</span> <span class='ocrx_word' id='word_1_144' title='bbox 1311 1254 1461 1309; x_wconf 82' lang='grc' dir='ltr'>μᾶλλον</span> <span class='ocrx_word' id='word_1_145' title='bbox 1493 1252 1598 1300; x_wconf 76' lang='grc' dir='ltr'>ὅκως</span> <span class='ocrx_word' id='word_1_146' title='bbox 1628 1253 1743 1305; x_wconf 84' lang='grc' dir='ltr'>λόγον</span> 
     </span>
     <span class='ocr_line' id='line_1_16' title="bbox 199 1323 996 1381; baseline 0.001 -17"><span class='ocrx_word' id='word_1_147' title='bbox 199 1323 338 1371; x_wconf 86' lang='grc' dir='ltr'>δώσεις</span> <span class='ocrx_word' id='word_1_148' title='bbox 367 1330 441 1364; x_wconf 85' lang='grc' dir='ltr'>τῶν</span> <span class='ocrx_word' id='word_1_149' title='bbox 473 1323 739 1380; x_wconf 77' lang='grc' dir='ltr'>μετεχείρισας</span> <span class='ocrx_word' id='word_1_150' title='bbox 769 1327 996 1381; x_wconf 81' lang='grc' dir='ltr'>χρημάτων.</span> 
     </span>
    </p>
   </div>
   <div class='ocr_carea' id='block_1_2' title="bbox 151 1448 1746 2636">
    <p class='ocr_par' dir='ltr' id='par_1_4' title="bbox 201 1448 1742 1569">
     <span class='ocr_line' id='line_1_17' title="bbox 925 1448 1014 1492; baseline -0.011 -9"><span class='ocrx_word' id='word_1_151' title='bbox 925 1448 945 1492; x_wconf 67' lang='lat' dir='ltr'>g</span> <span class='ocrx_word' id='word_1_152' title='bbox 979 1449 1014 1483; x_wconf 80' lang='lat'>2.</span> 
     </span>
     <span class='ocr_line' id='line_1_18' title="bbox 201 1512 1742 1569; baseline -0.001 -12"><span class='ocrx_word' id='word_1_153' title='bbox 201 1513 257 1557; x_wconf 82' lang='lat' dir='ltr'>De</span> <span class='ocrx_word' id='word_1_154' title='bbox 286 1512 557 1558; x_wconf 81' lang='lat' dir='ltr'>substantivo</span> <span class='ocrx_word' id='word_1_155' title='bbox 589 1525 743 1569; x_wconf 72' lang='lat' dir='ltr'>uenere</span> <span class='ocrx_word' id='word_1_156' title='bbox 774 1514 1103 1559; x_wconf 81' lang='lat' dir='ltr'>enuntiationum</span> <span class='ocrx_word' id='word_1_157' title='bbox 1137 1513 1409 1559; x_wconf 77' lang='lat' dir='ltr'>relativarum</span> <span class='ocrx_word' id='word_1_158' title='bbox 1443 1513 1742 1558; x_wconf 80' lang='lat' dir='ltr'>attractarum.</span> 
     </span>
    </p>

    <p class='ocr_par' dir='ltr' id='par_1_5' title="bbox 199 1595 1744 1857">
     <span class='ocr_line' id='line_1_19' title="bbox 317 1595 1743 1647; baseline -0.001 -13"><span class='ocrx_word' id='word_1_159' title='bbox 317 1595 444 1634; x_wconf 81' lang='lat' dir='ltr'>Venio</span> <span class='ocrx_word' id='word_1_160' title='bbox 474 1608 579 1635; x_wconf 88' lang='lat' dir='ltr'>nunc</span> <span class='ocrx_word' id='word_1_161' title='bbox 608 1596 657 1634; x_wconf 82' lang='lat' dir='ltr'>ad</span> <span class='ocrx_word' id='word_1_162' title='bbox 687 1597 726 1634; x_wconf 81' lang='lat' dir='ltr'>id</span> <span class='ocrx_word' id='word_1_163' title='bbox 757 1609 883 1647; x_wconf 83' lang='lat' dir='ltr'>genus</span> <span class='ocrx_word' id='word_1_164' title='bbox 913 1597 1197 1635; x_wconf 76' lang='lat' dir='ltr'>enuntiatorlun</span> <span class='ocrx_word' id='word_1_165' title='bbox 1217 1596 1465 1635; x_wconf 73' lang='lat' dir='ltr'>relativorum</span> <span class='ocrx_word' id='word_1_166' title='bbox 1485 1599 1743 1642; x_wconf 84' lang='lat' dir='ltr'>attractorum,</span> 
     </span>
     <span class='ocr_line' id='line_1_20' title="bbox 200 1666 1743 1716; baseline -0.001 -13"><span class='ocrx_word' id='word_1_167' title='bbox 200 1667 301 1715; x_wconf 85' lang='lat' dir='ltr'>quod</span> <span class='ocrx_word' id='word_1_168' title='bbox 331 1679 420 1703; x_wconf 89' lang='lat' dir='ltr'>cum</span> <span class='ocrx_word' id='word_1_169' title='bbox 451 1667 494 1703; x_wconf 86' lang='lat' dir='ltr'>R.</span> <span class='ocrx_word' id='word_1_170' title='bbox 523 1667 761 1716; x_wconf 78' lang='lat' dir='ltr'>F0e1-stero2)</span> <span class='ocrx_word' id='word_1_171' title='bbox 793 1667 1147 1704; x_wconf 73' lang='lat' dir='ltr'>substantivum</span> <span class='ocrx_word' id='word_1_172' title='bbox 1167 1668 1376 1705; x_wconf 86' lang='lat' dir='ltr'>dicendum</span> <span class='ocrx_word' id='word_1_173' title='bbox 1396 1672 1466 1704; x_wconf 88' lang='lat' dir='ltr'>est.</span> <span class='ocrx_word' id='word_1_174' title='bbox 1517 1666 1743 1703; x_wconf 87' lang='lat' dir='ltr'>Enuntiatio</span> 
     </span>
     <span class='ocr_line' id='line_1_21' title="bbox 199 1732 1744 1787; baseline -0.001 -13"><span class='ocrx_word' id='word_1_175' title='bbox 199 1736 304 1774; x_wconf 88' lang='lat' dir='ltr'>enim</span> <span class='ocrx_word' id='word_1_176' title='bbox 335 1736 494 1775; x_wconf 79' lang='lat' dir='ltr'>relativa</span> <span class='ocrx_word' id='word_1_177' title='bbox 525 1732 681 1775; x_wconf 85' lang='lat' dir='ltr'>atti-acta</span> <span class='ocrx_word' id='word_1_178' title='bbox 714 1737 944 1775; x_wconf 78' lang='lat' dir='ltr'>substantivi</span> <span class='ocrx_word' id='word_1_179' title='bbox 973 1737 1058 1775; x_wconf 73' lang='lat' dir='ltr'>vice</span> <span class='ocrx_word' id='word_1_180' title='bbox 1088 1737 1264 1786; x_wconf 81' lang='lat' dir='ltr'>fungitur</span> <span class='ocrx_word' id='word_1_181' title='bbox 1293 1740 1408 1787; x_wconf 87' lang='lat' dir='ltr'>atque</span> <span class='ocrx_word' id='word_1_182' title='bbox 1428 1736 1598 1787; x_wconf 82' lang='lat' dir='ltr'>pendere</span> <span class='ocrx_word' id='word_1_183' title='bbox 1618 1739 1744 1786; x_wconf 80' lang='lat' dir='ltr'>potest</span> 
     </span>
     <span class='ocr_line' id='line_1_22' title="bbox 199 1807 1180 1857; baseline 0.001 -14"><span class='ocrx_word' id='word_1_184' title='bbox 199 1817 221 1844; x_wconf 92' lang='lat' dir='ltr'>e</span> <span class='ocrx_word' id='word_1_185' title='bbox 251 1807 408 1845; x_wconf 89' lang='lat' dir='ltr'>nomine</span> <span class='ocrx_word' id='word_1_186' title='bbox 438 1811 505 1844; x_wconf 88' lang='lat' dir='ltr'>aut</span> <span class='ocrx_word' id='word_1_187' title='bbox 536 1819 557 1846; x_wconf 88' lang='grc'>0</span> <span class='ocrx_word' id='word_1_188' title='bbox 588 1808 704 1845; x_wconf 79' lang='lat' dir='ltr'>verbo</span> <span class='ocrx_word' id='word_1_189' title='bbox 734 1811 801 1845; x_wconf 85' lang='lat' dir='ltr'>aut</span> <span class='ocrx_word' id='word_1_190' title='bbox 835 1820 857 1845; x_wconf 90' lang='lat' dir='ltr'>e</span> <span class='ocrx_word' id='word_1_191' title='bbox 887 1807 1180 1857; x_wconf 88' lang='lat' dir='ltr'>praepositione.</span> 
     </span>
    </p>

    <p class='ocr_par' dir='ltr' id='par_1_6' title="bbox 198 1876 1746 2284">
     <span class='ocr_line' id='line_1_23' title="bbox 315 1876 1744 1928; baseline -0.001 -12"><span class='ocrx_word' id='word_1_192' title='bbox 315 1878 372 1916; x_wconf 83' lang='lat' dir='ltr'>Ac</span> <span class='ocrx_word' id='word_1_193' title='bbox 409 1878 577 1928; x_wconf 88' lang='lat' dir='ltr'>primum</span> <span class='ocrx_word' id='word_1_194' title='bbox 615 1879 774 1928; x_wconf 84' lang='lat' dir='ltr'>quidem</span> <span class='ocrx_word' id='word_1_195' title='bbox 810 1878 939 1928; x_wconf 70' lang='lat' dir='ltr'>paullo</span> <span class='ocrx_word' id='word_1_196' title='bbox 975 1878 1191 1916; x_wconf 85' lang='lat' dir='ltr'>accuratius</span> <span class='ocrx_word' id='word_1_197' title='bbox 1223 1878 1400 1927; x_wconf 81' lang='lat' dir='ltr'>exempla</span> <span class='ocrx_word' id='word_1_198' title='bbox 1432 1889 1640 1927; x_wconf 78' lang='lat' dir='ltr'>exponam,</span> <span class='ocrx_word' id='word_1_199' title='bbox 1677 1876 1744 1915; x_wconf 88' lang='lat' dir='ltr'>nbi</span> 
     </span>
     <span class='ocr_line' id='line_1_24' title="bbox 202 1947 1743 1998; baseline 0 -13"><span class='ocrx_word' id='word_1_200' title='bbox 202 1948 414 1986; x_wconf 87' lang='lat' dir='ltr'>enuntiatio</span> <span class='ocrx_word' id='word_1_201' title='bbox 451 1949 612 1987; x_wconf 71' lang='lat' dir='ltr'>relativa</span> <span class='ocrx_word' id='word_1_202' title='bbox 649 1952 808 1987; x_wconf 85' lang='lat' dir='ltr'>attracta</span> <span class='ocrx_word' id='word_1_203' title='bbox 838 1961 860 1987; x_wconf 86' lang='lat' dir='ltr'>e</span> <span class='ocrx_word' id='word_1_204' title='bbox 892 1948 1133 1986; x_wconf 76' lang='lat' dir='ltr'>substantivo</span> <span class='ocrx_word' id='word_1_205' title='bbox 1163 1948 1355 1986; x_wconf 85' lang='lat' dir='ltr'>enuntiati</span> <span class='ocrx_word' id='word_1_206' title='bbox 1384 1947 1559 1998; x_wconf 84' lang='lat' dir='ltr'>primarii</span> <span class='ocrx_word' id='word_1_207' title='bbox 1588 1947 1743 1998; x_wconf 69' lang='lat' dir='ltr'>pendet,</span> 
     </span>
     <span class='ocr_line' id='line_1_25' title="bbox 198 2009 1744 2068; baseline 0 -12"><span class='ocrx_word' id='word_1_208' title='bbox 198 2019 428 2067; x_wconf 78' lang='lat' dir='ltr'>praesertim</span> <span class='ocrx_word' id='word_1_209' title='bbox 457 2031 547 2057; x_wconf 92' lang='lat' dir='ltr'>cum</span> <span class='ocrx_word' id='word_1_210' title='bbox 577 2019 767 2058; x_wconf 81' lang='lat' dir='ltr'>eiusmodi</span> <span class='ocrx_word' id='word_1_211' title='bbox 797 2009 1034 2057; x_wconf 83' lang='lat' dir='ltr'>attractionis</span> <span class='ocrx_word' id='word_1_212' title='bbox 1063 2030 1160 2057; x_wconf 89' lang='lat' dir='ltr'>usus</span> <span class='ocrx_word' id='word_1_213' title='bbox 1180 2019 1282 2068; x_wconf 85' lang='lat' dir='ltr'>apud</span> <span class='ocrx_word' id='word_1_214' title='bbox 1301 2018 1539 2057; x_wconf 88' lang='lat' dir='ltr'>Herodotum</span> <span class='ocrx_word' id='word_1_215' title='bbox 1558 2030 1744 2068; x_wconf 88' lang='lat' dir='ltr'>persaepe</span> 
     </span>
     <span class='ocr_line' id='line_1_26' title="bbox 201 2088 1746 2139; baseline 0 -14"><span class='ocrx_word' id='word_1_216' title='bbox 201 2089 427 2127; x_wconf 86' lang='lat' dir='ltr'>statuendus</span> <span class='ocrx_word' id='word_1_217' title='bbox 449 2089 509 2127; x_wconf 89' lang='lat' dir='ltr'>sit.</span> <span class='ocrx_word' id='word_1_218' title='bbox 560 2089 647 2127; x_wconf 88' lang='lat' dir='ltr'>Huc</span> <span class='ocrx_word' id='word_1_219' title='bbox 666 2090 863 2139; x_wconf 88' lang='lat' dir='ltr'>pertinent</span> <span class='ocrx_word' id='word_1_220' title='bbox 884 2089 1079 2139; x_wconf 78' lang='lat' dir='ltr'>imprimis</span> <span class='ocrx_word' id='word_1_221' title='bbox 1100 2092 1280 2139; x_wconf 84' lang='lat' dir='ltr'>quattuor</span> <span class='ocrx_word' id='word_1_222' title='bbox 1299 2089 1385 2135; x_wconf 71' lang='lat' dir='ltr'>loci,</span> <span class='ocrx_word' id='word_1_223' title='bbox 1407 2089 1474 2138; x_wconf 87' lang='lat' dir='ltr'>qui</span> <span class='ocrx_word' id='word_1_224' title='bbox 1494 2088 1746 2126; x_wconf 69' lang='lat' dir='ltr'>inveniuntur</span> 
     </span>
     <span class='ocr_line' id='line_1_27' title="bbox 199 2155 1743 2213; baseline 0.001 -17"><span class='ocrx_word' id='word_1_225' title='bbox 199 2158 241 2196; x_wconf 90' lang='lat' dir='ltr'>in</span> <span class='ocrx_word' id='word_1_226' title='bbox 270 2159 295 2196; x_wconf 92' lang='grc'>1.</span> <span class='ocrx_word' id='word_1_227' title='bbox 326 2159 374 2197; x_wconf 82' lang='lat' dir='ltr'>V.</span> <span class='ocrx_word' id='word_1_228' title='bbox 408 2160 447 2198; x_wconf 86' lang='lat' dir='ltr'>C.</span> <span class='ocrx_word' id='word_1_229' title='bbox 484 2163 563 2199; x_wconf 87' lang='grc'>106</span> <span class='ocrx_word' id='word_1_230' title='bbox 596 2159 663 2198; x_wconf 83' lang='grc' dir='ltr'>καὶ</span> <span class='ocrx_word' id='word_1_231' title='bbox 691 2155 838 2207; x_wconf 82' lang='grc' dir='ltr'>Ἴωνας</span> <span class='ocrx_word' id='word_1_232' title='bbox 869 2160 940 2199; x_wconf 83' lang='grc' dir='ltr'>σὺν</span> <span class='ocrx_word' id='word_1_233' title='bbox 972 2155 1121 2199; x_wconf 70' lang='grc' dir='ltr'>αὐτοῖσι</span> <span class='ocrx_word' id='word_1_234' title='bbox 1151 2159 1242 2207; x_wconf 79' lang='grc' dir='ltr'>τοὺς</span> <span class='ocrx_word' id='word_1_235' title='bbox 1273 2157 1472 2206; x_wconf 76' lang='grc' dir='ltr'>δώσοντας</span> <span class='ocrx_word' id='word_1_236' title='bbox 1493 2155 1581 2213; x_wconf 79' lang='grc' dir='ltr'>ἐμοὶ</span> <span class='ocrx_word' id='word_1_237' title='bbox 1603 2156 1743 2212; x_wconf 85' lang='grc' dir='ltr'>δίκην</span> 
     </span>
     <span class='ocr_line' id='line_1_28' title="bbox 199 2226 519 2284; baseline 0.009 -18"><span class='ocrx_word' id='word_1_238' title='bbox 199 2233 291 2268; x_wconf 85' lang='grc' dir='ltr'>τῶν</span> <span class='ocrx_word' id='word_1_239' title='bbox 323 2226 519 2284; x_wconf 82' lang='grc' dir='ltr'>ἐποίησαν.</span> 
     </span>
    </p>

    <p class='ocr_par' dir='ltr' id='par_1_7' title="bbox 316 2287 1472 2357">
     <span class='ocr_line' id='line_1_29' title="bbox 316 2287 1472 2357; baseline 0 -18"><span class='ocrx_word' id='word_1_240' title='bbox 316 2302 341 2339; x_wconf 86' lang='lat' dir='ltr'>l.</span> <span class='ocrx_word' id='word_1_241' title='bbox 373 2287 462 2340; x_wconf 83' lang='lat' dir='ltr'>VII.</span> <span class='ocrx_word' id='word_1_242' title='bbox 495 2303 535 2341; x_wconf 80' lang='lat' dir='ltr'>C.</span> <span class='ocrx_word' id='word_1_243' title='bbox 570 2306 606 2342; x_wconf 85' lang='lat'>5.</span> <span class='ocrx_word' id='word_1_244' title='bbox 638 2303 692 2357; x_wconf 79' lang='grc' dir='ltr'>μὴ</span> <span class='ocrx_word' id='word_1_245' title='bbox 725 2298 771 2342; x_wconf 75' lang='grc' dir='ltr'>οἰ)</span> <span class='ocrx_word' id='word_1_246' title='bbox 802 2301 937 2341; x_wconf 80' lang='grc' dir='ltr'>δοῦναι</span> <span class='ocrx_word' id='word_1_247' title='bbox 969 2300 1106 2355; x_wconf 85' lang='grc' dir='ltr'>δίκην</span> <span class='ocrx_word' id='word_1_248' title='bbox 1138 2307 1226 2340; x_wconf 86' lang='grc' dir='ltr'>τῶν</span> <span class='ocrx_word' id='word_1_249' title='bbox 1258 2297 1472 2354; x_wconf 76' lang='grc' dir='ltr'>ἐποίησανς</span> 
     </span>
    </p>

    <p class='ocr_par' dir='ltr' id='par_1_8' title="bbox 151 2366 1742 2496">
     <span class='ocr_line' id='line_1_30' title="bbox 315 2366 1742 2425; baseline -0.001 -16"><span class='ocrx_word' id='word_1_250' title='bbox 315 2372 340 2410; x_wconf 91' lang='grc'>1.</span> <span class='ocrx_word' id='word_1_251' title='bbox 371 2373 430 2410; x_wconf 83' lang='lat' dir='ltr'>IX</span> <span class='ocrx_word' id='word_1_252' title='bbox 461 2373 500 2411; x_wconf 82' lang='lat' dir='ltr'>C.</span> <span class='ocrx_word' id='word_1_253' title='bbox 535 2375 588 2412; x_wconf 87' lang='lat'>93</span> <span class='ocrx_word' id='word_1_254' title='bbox 621 2368 667 2412; x_wconf 67' lang='grc' dir='ltr'>οἱ)</span> <span class='ocrx_word' id='word_1_255' title='bbox 698 2373 887 2425; x_wconf 78' lang='grc' dir='ltr'>πρότερον</span> <span class='ocrx_word' id='word_1_256' title='bbox 908 2384 952 2411; x_wconf 89' lang='grc' dir='ltr'>τε</span> <span class='ocrx_word' id='word_1_257' title='bbox 973 2369 1199 2411; x_wconf 56' lang='lat' dir='ltr'>meseonem</span> <span class='ocrx_word' id='word_1_258' title='bbox 1218 2371 1474 2425; x_wconf 72' lang='grc' dir='ltr'>τιμωρέοντες</span> <span class='ocrx_word' id='word_1_259' title='bbox 1494 2366 1633 2422; x_wconf 81' lang='grc' dir='ltr'>ἐκείνῳ</span> <span class='ocrx_word' id='word_1_260' title='bbox 1655 2368 1742 2422; x_wconf 77' lang='grc' dir='ltr'>πρὶν</span> 
     </span>
     <span class='ocr_line' id='line_1_31' title="bbox 151 2436 879 2496; baseline 0.003 -17"><span class='ocrx_word' id='word_1_261' title='bbox 151 2468 156 2473; x_wconf 85' lang='grc'><strong>-</strong></span> <span class='ocrx_word' id='word_1_262' title='bbox 200 2436 226 2493; x_wconf 87' lang='grc' dir='ltr'>ἢ</span> <span class='ocrx_word' id='word_1_263' title='bbox 258 2439 392 2490; x_wconf 80' lang='grc' dir='ltr'>δίκας</span> <span class='ocrx_word' id='word_1_264' title='bbox 422 2441 519 2482; x_wconf 86' lang='grc' dir='ltr'>δῶσι</span> <span class='ocrx_word' id='word_1_265' title='bbox 549 2448 640 2482; x_wconf 86' lang='grc' dir='ltr'>τῶν</span> <span class='ocrx_word' id='word_1_266' title='bbox 672 2439 879 2496; x_wconf 73' lang='grc' dir='ltr'>ἐποίησανς</span> 
     </span>
    </p>

    <p class='ocr_par' dir='ltr' id='par_1_9' title="bbox 199 2505 1744 2636">
     <span class='ocr_line' id='line_1_32' title="bbox 315 2505 1744 2567; baseline -0.001 -17"><span class='ocrx_word' id='word_1_267' title='bbox 315 2513 340 2550; x_wconf 93' lang='grc'>1.</span> <span class='ocrx_word' id='word_1_268' title='bbox 372 2513 430 2552; x_wconf 84' lang='lat' dir='ltr'>IX</span> <span class='ocrx_word' id='word_1_269' title='bbox 462 2513 501 2553; x_wconf 90' lang='lat' dir='ltr'>C.</span> <span class='ocrx_word' id='word_1_270' title='bbox 536 2516 590 2554; x_wconf 82' lang='lat'>94</span> <span class='ocrx_word' id='word_1_271' title='bbox 622 2509 656 2553; x_wconf 78' lang='grc' dir='ltr'>εὶ</span> <span class='ocrx_word' id='word_1_272' title='bbox 687 2509 866 2553; x_wconf 60' lang='grc' dir='ltr'>ἐθέλοιεν</span> <span class='ocrx_word' id='word_1_273' title='bbox 893 2507 1201 2567; x_wconf 83' lang='grc' dir='ltr'>Ἀπολλωνιῆται</span> <span class='ocrx_word' id='word_1_274' title='bbox 1232 2509 1370 2559; x_wconf 81' lang='grc' dir='ltr'>δίκας</span> <span class='ocrx_word' id='word_1_275' title='bbox 1407 2505 1623 2566; x_wconf 71' lang='grc' dir='ltr'>ὑποστῆναι</span> <span class='ocrx_word' id='word_1_276' title='bbox 1653 2515 1744 2550; x_wconf 86' lang='grc' dir='ltr'>τῶν</span> 
     </span>
     <span class='ocr_line' id='line_1_33' title="bbox 199 2576 398 2636; baseline 0.015 -17"><span class='ocrx_word' id='word_1_277' title='bbox 199 2576 398 2636; x_wconf 78' lang='grc' dir='ltr'>ἐποίησαν.</span> 
     </span>
    </p>
   </div>
   <div class='ocr_carea' id='block_1_3' title="bbox 200 2696 1746 2860">
    <p class='ocr_par' dir='ltr' id='par_1_10' title="bbox 200 2696 1746 2860">
     <span class='ocr_line' id='line_1_34' title="bbox 318 2696 1746 2742; baseline -0.002 -10"><span class='ocrx_word' id='word_1_278' title='bbox 318 2697 346 2739; x_wconf 87' lang='grc'>1)</span> <span class='ocrx_word' id='word_1_279' title='bbox 377 2698 562 2734; x_wconf 88' lang='lat' dir='ltr'>Kuehner:</span> <span class='ocrx_word' id='word_1_280' title='bbox 602 2698 856 2733; x_wconf 84' lang='lat' dir='ltr'>Ausfiihrliche</span> <span class='ocrx_word' id='word_1_281' title='bbox 882 2698 1102 2732; x_wconf 81' lang='lat' dir='ltr'>Grammatik</span> <span class='ocrx_word' id='word_1_282' title='bbox 1129 2698 1190 2732; x_wconf 86' lang='lat' dir='ltr'>der</span> <span class='ocrx_word' id='word_1_283' title='bbox 1221 2698 1352 2741; x_wconf 80' lang='lat' dir='ltr'>griech.</span> <span class='ocrx_word' id='word_1_284' title='bbox 1378 2697 1529 2742; x_wconf 84' lang='lat' dir='ltr'>Spraehe</span> <span class='ocrx_word' id='word_1_285' title='bbox 1561 2698 1580 2742; x_wconf 65' lang='grc' dir='ltr'>ξ</span> <span class='ocrx_word' id='word_1_286' title='bbox 1605 2696 1684 2731; x_wconf 89' lang='grc'>555.</span> <span class='ocrx_word' id='word_1_287' title='bbox 1711 2696 1746 2730; x_wconf 81' lang='grc'>2.</span> 
     </span>
     <span class='ocr_line' id='line_1_35' title="bbox 200 2748 1438 2802; baseline 0.002 -13"><span class='ocrx_word' id='word_1_288' title='bbox 200 2754 427 2802; x_wconf 86' lang='lat' dir='ltr'>Anmerkung</span> <span class='ocrx_word' id='word_1_289' title='bbox 450 2757 482 2792; x_wconf 87' lang='lat'>4.</span> <span class='ocrx_word' id='word_1_290' title='bbox 1432 2748 1438 2756; x_wconf 67' lang='grc'><em>’</em></span> 
     </span>
     <span class='ocr_line' id='line_1_36' title="bbox 317 2813 831 2860; baseline 0.002 -11"><span class='ocrx_word' id='word_1_291' title='bbox 317 2813 346 2856; x_wconf 78' lang='lat'>2)</span> <span class='ocrx_word' id='word_1_292' title='bbox 371 2815 414 2849; x_wconf 82' lang='lat' dir='ltr'>R.</span> <span class='ocrx_word' id='word_1_293' title='bbox 439 2815 614 2851; x_wconf 86' lang='lat' dir='ltr'>Foerstcr:</span> <span class='ocrx_word' id='word_1_294' title='bbox 641 2816 664 2850; x_wconf 90' lang='lat' dir='ltr'>l.</span> <span class='ocrx_word' id='word_1_295' title='bbox 690 2816 713 2851; x_wconf 91' lang='lat' dir='ltr'>l.</span> <span class='ocrx_word' id='word_1_296' title='bbox 739 2828 771 2860; x_wconf 87' lang='lat' dir='ltr'>p.</span> <span class='ocrx_word' id='word_1_297' title='bbox 799 2816 831 2850; x_wconf 87' lang='lat'>4.</span> 
     </span>
    </p>
   </div>
   <div class='ocr_carea' id='block_1_4' title="bbox 495 2950 511 2960">
    <p class='ocr_par' dir='ltr' id='par_1_11' title="bbox 495 2950 511 2960">
     <span class='ocr_line' id='line_1_37' title="bbox 495 2950 511 2960; baseline 0 0"><span class='ocrx_word' id='word_1_298' title='bbox 495 2950 511 2960; x_wconf 44' lang='grc' dir='ltr'>ἢ</span> 
     </span>
    </p>
   </div>
  </div>
 </body>
</html>
