1978 3194
927 160 978 196 29

303 300 328 338 1.
360 299 398 336 V
428 299 467 337 C.
505 301 605 338 126:
644 297 711 337 καὶ
740 294 1048 351 βουλομένων
1079 303 1156 337 τῶν
1188 294 1369 351 Θρηίκων
1400 291 1722 335 ὑποσπόνδων

185 368 338 416 ἐξιέναι·

267 441 328 482 .1.
358 440 437 478 VII
467 440 507 479 C.
544 441 644 479 155:
686 434 732 478 οῖ)
764 435 1079 493 βουλομένων
1110 444 1187 478 τῶν
1219 434 1432 493 πολιητέων
1462 438 1722 492 κατηκόων

187 511 240 551 ἔτι
271 508 377 550 εἶναι.

303 581 443 619 Tribus
472 581 535 619 his
564 580 659 618 locis
689 580 893 619 adiectiva:
927 578 1179 632 δικαιοτάτῳ,
1211 574 1482 626 ὑποσπόνδων,
1512 578 1722 631 κατηκόων

186 664 209 689 a
237 651 468 701 participiis:
502 648 725 704 βουλομένῳ
757 654 796 688 et
827 648 1073 704 βουλομένων
1093 651 1347 697 attrahuntur⁷
1377 650 1430 687 ita
1456 652 1501 687 ut
1520 648 1723 686 diversitas

187 720 375 760 enuntiati
418 720 592 771 primarii
636 723 675 759 et
720 720 954 769 secundarii,
1001 720 1103 770 quod
1147 720 1196 758 ad
1240 719 1528 770 granunaticam
1566 717 1723 768 quidem

187 794 418 829 structuram
447 791 595 837 attinet,
625 790 710 827 tolli
740 790 925 828 videatur.
1432 782 1434 784 ¹

303 860 354 897 At
382 871 474 898 vero
519 859 636 898 etiam
679 859 781 909 apud
818 859 1056 897 Herodotum
1093 860 1167 897 loci
1205 862 1355 907 extant,
1380 859 1466 896 'ubi
1502 857 1723 896 attributiva

186 930 368 967 infinitivi
394 930 662 968 determinatio
692 930 740 967 ad
770 941 902 968 casum
931 930 1121 980 participii
1140 942 1217 967 non
1237 929 1517 968 accommodata
1537 931 1597 966 est
1616 927 1725 965 velut

186 1000 228 1038 in
257 1000 281 1037 1.
313 999 371 1037 IV
402 999 441 1038 C.
477 1002 578 1039 137:
607 994 790 1039 Ἱστιαίου
821 998 865 1038 δὲ
888 1023 942 1027 ——
963 998 1145 1050 λέγοντος
1170 1023 1225 1027 —
1247 996 1334 1039 οὔτε
1357 994 1501 1043 αὐτὸς
1521 994 1724 1051 Μιλησίων

140 1093 143 1096 -
188 1066 269 1115 οἷός
305 1082 345 1108 τε
382 1066 546 1109 ἔσεσθαι
585 1066 718 1123 ἄρχειν
749 1094 804 1098 —-
835 1070 1009 1109 codicmn
1038 1071 1170 1110 lectio:
1208 1067 1374 1109 ἔσεσθαι
1404 1082 1494 1108 cum
1523 1068 1655 1107 Reizio
1685 1071 1724 1106 et

187 1140 350 1178 Baehrio
395 1152 472 1178 non
516 1144 576 1178 est
604 1141 784 1178 mutanda
821 1141 863 1178 in
900 1139 1007 1179 ἔσται
1043 1164 1097 1168 —
1127 1153 1213 1190 pro:
1246 1137 1335 1179 οὔτε
1371 1137 1489 1179 αὐτοῦ
1519 1136 1724 1192 Μιλησίων

188 1206 270 1248 οἵου
300 1221 342 1248 τε
372 1208 539 1248 ἔσεσθαι
570 1222 653 1260 sqq.
714 1210 800 1248 Mea
830 1210 988 1260 quidem
1024 1211 1213 1249 sententia
1243 1211 1461 1249 Herodotus
1492 1212 1724 1248 structuram

187 1280 412 1317 nominativi
441 1292 531 1317 cum
560 1280 749 1317 infinitivo
779 1281 994 1318 attractioni
1022 1293 1044 1317 a
1074 1281 1292 1330 participio:
1325 1279 1502 1330 λέγοντος
1531 1279 1723 1329 profectae

186 1353 386 1400 propterea
423 1350 622 1400 praetulit,
661 1350 764 1400 quod
799 1353 855 1388 tot
884 1351 1103 1399 genetivos:
1144 1346 1282 1397 αὐτοῦ,
1322 1346 1538 1403 Μιλησίων,
1570 1345 1653 1387 οἵου
1684 1360 1723 1386 τε

188 1419 309 1458 vitare
352 1432 425 1459 nec
468 1433 547 1459 non
591 1420 855 1459 nominativis:
903 1415 1021 1466 αὐτός
1058 1424 1098 1460 et
1135 1417 1217 1466 οἷός
1253 1432 1297 1460 τε
1334 1423 1450 1471 atque
1487 1418 1722 1458 accusativo:

189 1486 308 1529 ἄλλον
339 1486 478 1530 οὐδένα
510 1514 564 1519 -
595 1492 797 1531 ostendere
827 1491 949 1530 voluit
979 1493 1237 1531 subiectorum
1267 1491 1541 1530 diversitatem.

913 1648 1002 1694 §a

356 1750 411 1794 De
441 1761 493 1796 eo
525 1761 678 1807 uenere
709 1750 994 1806 attractionis,
1026 1751 1133 1808 quod
1166 1750 1332 1808 proprie
1363 1751 1562 1796 vocatur:

819 1822 1111 1877 transpositio.

303 1916 408 1954 Haec
437 1916 673 1954 attractionis
705 1917 852 1966 species
882 1917 925 1954 in
955 1930 1000 1956 eo
1030 1917 1152 1967 posita
1183 1921 1260 1965 est,
1291 1921 1334 1955 ut
1365 1929 1507 1955 nomen
1536 1916 1724 1955 enuntiati

187 1987 375 2037 primarii,
407 1999 428 2025 e
459 1999 534 2036 quo
564 1988 707 2037 pendet
736 1988 949 2027 enuntiatio
987 1988 1222 2036 secmidalia,
1258 2001 1279 2025 a
1310 1988 1534 2038 pronomine
1564 1987 1725 2025 relativo

188 2058 406 2095 attrahatur.
466 2057 517 2095 Et
545 2060 650 2096 recte
681 2058 837 2107 quidem
866 2058 1136 2108 Kuehnerusl)
1167 2059 1216 2097 de
1246 2060 1318 2096 hac
1347 2058 1642 2108 transpositione
1672 2057 1725 2094 ita

189 2127 368 2166 disserit:
414 2128 536 2166 durch
572 2128 679 2167 diese
715 2129 929 2167 Attraction
968 2130 1129 2168 werden
1165 2141 1266 2167 zwar
1302 2129 1425 2176 nicht,
1463 2128 1539 2166 wie
1579 2128 1620 2165 in
1656 2128 1727 2166 der

192 2197 468 2247 Casusflexion,
498 2199 610 2237 beide
642 2199 751 2238 Satze
781 2199 824 2236 in
854 2199 970 2237 einen
999 2199 1299 2247 verschnmlzen,
1329 2200 1421 2237 aber
1451 2198 1549 2236 doch
1580 2209 1622 2235 so
1653 2198 1725 2236 mit

190 2268 375 2308 einander
394 2269 656 2318 verschrankt,
687 2270 776 2309 dass
807 2269 877 2309 der
906 2270 992 2309 eine
1023 2270 1100 2308 den
1119 2269 1266 2308 andern
1286 2269 1537 2318 nothwendig
1556 2268 1725 2317 bedingt.

191 2339 397 2390 Exempla,
436 2353 534 2390 quae
569 2341 648 2379 iam
677 2342 846 2389 afferam,
885 2342 980 2380 haec
1011 2344 1119 2379 sunt:
1157 2341 1182 2378 1.
1221 2341 1251 2378 I.
1285 2341 1325 2379 C.
1369 2343 1468 2380 108:
1507 2338 1605 2391 λόιβε
1645 2340 1727 2378 τὸν

189 2405 379 2465 Μανδάνη
425 2409 537 2450 ἔτεκε
581 2410 717 2458 παῖδα,
757 2425 854 2462 quae
890 2413 1006 2450 verba
1051 2424 1102 2451 cx
1138 2412 1201 2450 his
1237 2412 1466 2450 enlmtiatis:
1520 2409 1621 2463 λάβε
1659 2411 1726 2449 τὸν

186 2479 324 2528 παῖδα,
354 2481 422 2520 τὸν
451 2477 642 2535 Μανδάνη
675 2481 784 2521 ἔτεκε
817 2505 871 2509 -—
903 2486 983 2520 orta
1005 2486 1105 2530 sunt,
1135 2482 1188 2519 ita
1208 2485 1252 2519 ut
1273 2482 1572 2519 substantivum:
1604 2479 1728 2519 παῖδα

188 2551 370 2590 articulo:
408 2553 475 2591 τόν
513 2553 655 2592 omisso
691 2553 732 2591 in
769 2553 1073 2592 emmtiationem
1102 2552 1302 2591 relativam
1337 2552 1554 2602 transierit3
1596 2564 1728 2602 quam-

190 2621 322 2660 obrem
350 2623 446 2661 ha-ec
475 2624 649 2662 attractio
680 2624 842 2662 dicenda
872 2627 948 2663 est:
981 2624 1237 2674 transpositio.
1298 2624 1449 2662 Deinde
1480 2624 1654 2662 conferas

305 2692 330 2730 1.
361 2693 391 2731 Ι.
424 2693 464 2732 C.
500 2696 600 2734 118:
634 2690 847 2749 Ἀστυάγης
877 2693 920 2734 δὲ
951 2694 1133 2747 κρυπτων
1182 2694 1261 2733 τὸν
1292 2690 1328 2733 οἱ
1348 2691 1479 2747 ἐνεῖχε
1498 2692 1660 2747 χόλον·

331 2836 359 2879 1)
385 2836 568 2872 Kuehner:
595 2838 776 2873 Ausffflni.
803 2838 1018 2873 Grammatik
1044 2841 1063 2883 ξ
1088 2838 1166 2873 556.
