<?xml version="1.0" encoding="UTF-8"?>
<!DOCTYPE html PUBLIC "-//W3C//DTD XHTML 1.0 Transitional//EN"
    "http://www.w3.org/TR/xhtml1/DTD/xhtml1-transitional.dtd">
<html xmlns="http://www.w3.org/1999/xhtml" xml:lang="en" lang="en">
 <head>
  <title>
</title>
<meta http-equiv="Content-Type" content="text/html;charset=utf-8" />
  <meta name='ocr-system' content='tesseract 3.04.00' />
  <meta name='ocr-capabilities' content='ocr_page ocr_carea ocr_par ocr_line ocrx_word'/>
</head>
<body>
  <div class='ocr_page' id='page_1' title='image "./4625149_0032.png"; bbox 0 0 1978 3194; ppageno 0'>
   <div class='ocr_carea' id='block_1_1' title="bbox 784 791 1212 846">
    <p class='ocr_par' dir='ltr' id='par_1_1' title="bbox 784 791 1212 846">
     <span class='ocr_line' id='line_1_1' title="bbox 784 791 1212 846; baseline -0.002 -1"><span class='ocrx_word' id='word_1_1' title='bbox 784 791 1080 846; x_wconf 83' lang='lat' dir='ltr'>CAPUT</span> <span class='ocrx_word' id='word_1_2' title='bbox 1132 791 1212 844; x_wconf 87' lang='grc' dir='ltr'><strong>ΙΙ.</strong></span> 
     </span>
    </p>
   </div>
   <div class='ocr_carea' id='block_1_2' title="bbox 336 909 1649 1031">
    <p class='ocr_par' dir='ltr' id='par_1_2' title="bbox 336 909 1649 1031">
     <span class='ocr_line' id='line_1_2' title="bbox 336 909 1649 950; baseline 0.002 -2"><span class='ocrx_word' id='word_1_3' title='bbox 336 911 405 948; x_wconf 88' lang='lat' dir='ltr'><strong>DE</strong></span> <span class='ocrx_word' id='word_1_4' title='bbox 435 909 797 949; x_wconf 83' lang='lat' dir='ltr'><strong>ATTRACTIONE</strong></span> <span class='ocrx_word' id='word_1_5' title='bbox 826 910 884 948; x_wconf 86' lang='lat' dir='ltr'><strong>IN</strong></span> <span class='ocrx_word' id='word_1_6' title='bbox 913 910 1217 950; x_wconf 83' lang='lat' dir='ltr'><strong>INFINITIVIS</strong></span> <span class='ocrx_word' id='word_1_7' title='bbox 1247 910 1312 949; x_wconf 88' lang='grc' dir='ltr'><strong>ΕΤ</strong></span> <span class='ocrx_word' id='word_1_8' title='bbox 1342 911 1649 950; x_wconf 81' lang='lat' dir='ltr'><strong>PARTICIPIIS</strong></span> 
     </span>
     <span class='ocr_line' id='line_1_3' title="bbox 869 993 1129 1031; baseline 0 0"><span class='ocrx_word' id='word_1_9' title='bbox 869 993 1129 1031; x_wconf 85' lang='lat' dir='ltr'><strong>ADHIBITA.</strong></span> 
     </span>
    </p>
   </div>
   <div class='ocr_carea' id='block_1_3' title="bbox 550 1148 1448 1282">
    <p class='ocr_par' dir='ltr' id='par_1_3' title="bbox 550 1148 1448 1282">
     <span class='ocr_line' id='line_1_4' title="bbox 777 1148 1036 1193; baseline 0.008 -2"><span class='ocrx_word' id='word_1_10' title='bbox 777 1189 779 1191; x_wconf 83' lang='grc'><em>,</em></span> <span class='ocrx_word' id='word_1_11' title='bbox 947 1148 967 1193; x_wconf 68' lang='grc' dir='ltr'><strong>ἓ</strong></span> <span class='ocrx_word' id='word_1_12' title='bbox 1001 1148 1036 1184; x_wconf 86' lang='grc'><strong>6-</strong></span> 
     </span>
     <span class='ocr_line' id='line_1_5' title="bbox 550 1225 1448 1282; baseline 0 -12"><span class='ocrx_word' id='word_1_13' title='bbox 550 1226 605 1270; x_wconf 82' lang='lat' dir='ltr'><strong>Do</strong></span> <span class='ocrx_word' id='word_1_14' title='bbox 637 1225 911 1270; x_wconf 76' lang='lat' dir='ltr'><strong>attractionis</strong></span> <span class='ocrx_word' id='word_1_15' title='bbox 943 1237 1019 1270; x_wconf 87' lang='lat' dir='ltr'><strong>usu</strong></span> <span class='ocrx_word' id='word_1_16' title='bbox 1051 1227 1158 1282; x_wconf 76' lang='lat' dir='ltr'><strong>apud</strong></span> <span class='ocrx_word' id='word_1_17' title='bbox 1191 1225 1448 1271; x_wconf 79' lang='lat' dir='ltr'><strong>infinitivum.</strong></span> 
     </span>
    </p>
   </div>
   <div class='ocr_carea' id='block_1_4' title="bbox 218 1300 1768 2630">
    <p class='ocr_par' dir='ltr' id='par_1_4' title="bbox 218 1300 1766 1490">
     <span class='ocr_line' id='line_1_6' title="bbox 337 1300 1766 1360; baseline 0.001 -13"><span class='ocrx_word' id='word_1_18' title='bbox 337 1309 539 1347; x_wconf 86' lang='lat' dir='ltr'><strong>Eiusmodi</strong></span> <span class='ocrx_word' id='word_1_19' title='bbox 577 1309 750 1347; x_wconf 80' lang='lat' dir='ltr'><strong>attractio</strong></span> <span class='ocrx_word' id='word_1_20' title='bbox 787 1300 835 1346; x_wconf 29' lang='lat' dir='ltr'><strong>in*</strong></span> <span class='ocrx_word' id='word_1_21' title='bbox 868 1321 913 1347; x_wconf 92' lang='lat' dir='ltr'><strong>eo</strong></span> <span class='ocrx_word' id='word_1_22' title='bbox 948 1309 1073 1359; x_wconf 86' lang='lat' dir='ltr'><strong>posita</strong></span> <span class='ocrx_word' id='word_1_23' title='bbox 1103 1314 1163 1348; x_wconf 89' lang='lat' dir='ltr'><strong>est</strong></span> <span class='ocrx_word' id='word_1_24' title='bbox 1182 1309 1198 1338; x_wconf 85' lang='lat'>1</span> <span class='ocrx_word' id='word_1_25' title='bbox 1220 1309 1237 1338; x_wconf 83' lang='lat'><strong>2</strong></span> <span class='ocrx_word' id='word_1_26' title='bbox 1257 1309 1306 1360; x_wconf 85' lang='lat'><strong>3),</strong></span> <span class='ocrx_word' id='word_1_27' title='bbox 1336 1313 1380 1348; x_wconf 88' lang='lat' dir='ltr'><strong>ut</strong></span> <span class='ocrx_word' id='word_1_28' title='bbox 1410 1310 1625 1348; x_wconf 85' lang='lat' dir='ltr'><strong>subiectum</strong></span> <span class='ocrx_word' id='word_1_29' title='bbox 1654 1309 1766 1348; x_wconf 75' lang='lat' dir='ltr'><strong>verbi</strong></span> 
     </span>
     <span class='ocr_line' id='line_1_7' title="bbox 218 1380 1765 1431; baseline 0 -12"><span class='ocrx_word' id='word_1_30' title='bbox 218 1381 336 1429; x_wconf 76' lang='lat' dir='ltr'><strong>finiti,</strong></span> <span class='ocrx_word' id='word_1_31' title='bbox 377 1381 410 1418; x_wconf 85' lang='lat' dir='ltr'><strong>si</strong></span> <span class='ocrx_word' id='word_1_32' title='bbox 447 1380 553 1419; x_wconf 87' lang='lat' dir='ltr'><strong>idem</strong></span> <span class='ocrx_word' id='word_1_33' title='bbox 591 1384 651 1418; x_wconf 89' lang='lat' dir='ltr'><strong>est</strong></span> <span class='ocrx_word' id='word_1_34' title='bbox 688 1383 804 1430; x_wconf 84' lang='lat' dir='ltr'><strong>atque</strong></span> <span class='ocrx_word' id='word_1_35' title='bbox 834 1380 1026 1429; x_wconf 81' lang='lat' dir='ltr'><strong>infinitivi,</strong></span> <span class='ocrx_word' id='word_1_36' title='bbox 1062 1381 1175 1431; x_wconf 83' lang='lat' dir='ltr'><strong>plane</strong></span> <span class='ocrx_word' id='word_1_37' title='bbox 1207 1381 1403 1419; x_wconf 80' lang='lat' dir='ltr'><strong>omittatur</strong></span> <span class='ocrx_word' id='word_1_38' title='bbox 1432 1382 1473 1419; x_wconf 91' lang='lat' dir='ltr'><strong>in</strong></span> <span class='ocrx_word' id='word_1_39' title='bbox 1504 1381 1765 1420; x_wconf 78' lang='lat' dir='ltr'><strong>enuntiatione</strong></span> 
     </span>
     <span class='ocr_line' id='line_1_8' title="bbox 219 1452 459 1490; baseline -0.004 -1"><span class='ocrx_word' id='word_1_40' title='bbox 219 1452 459 1490; x_wconf 86' lang='lat' dir='ltr'><strong>secundaria.</strong></span> 
     </span>
    </p>

    <p class='ocr_par' dir='ltr' id='par_1_5' title="bbox 219 1520 1766 1710">
     <span class='ocr_line' id='line_1_9' title="bbox 339 1520 1765 1571; baseline 0 -13"><span class='ocrx_word' id='word_1_41' title='bbox 339 1521 492 1558; x_wconf 80' lang='lat' dir='ltr'><strong>Deinde</strong></span> <span class='ocrx_word' id='word_1_42' title='bbox 540 1532 633 1558; x_wconf 80' lang='lat' dir='ltr'><strong>vero</strong></span> <span class='ocrx_word' id='word_1_43' title='bbox 671 1520 1013 1558; x_wconf 80' lang='lat' dir='ltr'><strong>determinationes</strong></span> <span class='ocrx_word' id='word_1_44' title='bbox 1050 1520 1239 1558; x_wconf 80' lang='lat' dir='ltr'><strong>infinitivo</strong></span> <span class='ocrx_word' id='word_1_45' title='bbox 1276 1521 1446 1569; x_wconf 84' lang='lat' dir='ltr'><strong>additae,</strong></span> <span class='ocrx_word' id='word_1_46' title='bbox 1485 1522 1625 1571; x_wconf 84' lang='lat' dir='ltr'><strong>quibus</strong></span> <span class='ocrx_word' id='word_1_47' title='bbox 1661 1521 1765 1559; x_wconf 90' lang='lat' dir='ltr'><strong>idem</strong></span> 
     </span>
     <span class='ocr_line' id='line_1_10' title="bbox 222 1590 1766 1640; baseline 0 -11"><span class='ocrx_word' id='word_1_48' title='bbox 222 1592 438 1629; x_wconf 88' lang='lat' dir='ltr'><strong>subiectum</strong></span> <span class='ocrx_word' id='word_1_49' title='bbox 469 1591 674 1639; x_wconf 78' lang='lat' dir='ltr'><strong>utriusque</strong></span> <span class='ocrx_word' id='word_1_50' title='bbox 705 1590 893 1628; x_wconf 88' lang='lat' dir='ltr'><strong>enuntiati</strong></span> <span class='ocrx_word' id='word_1_51' title='bbox 924 1590 1140 1629; x_wconf 80' lang='lat' dir='ltr'><strong>accuratius</strong></span> <span class='ocrx_word' id='word_1_52' title='bbox 1172 1591 1429 1640; x_wconf 81' lang='lat' dir='ltr'><strong>describatur,</strong></span> <span class='ocrx_word' id='word_1_53' title='bbox 1460 1605 1482 1630; x_wconf 86' lang='lat' dir='ltr'><strong>a</strong></span> <span class='ocrx_word' id='word_1_54' title='bbox 1512 1593 1628 1630; x_wconf 79' lang='lat' dir='ltr'><strong>verbo</strong></span> <span class='ocrx_word' id='word_1_55' title='bbox 1657 1592 1766 1629; x_wconf 82' lang='lat' dir='ltr'><strong>finito</strong></span> 
     </span>
     <span class='ocr_line' id='line_1_11' title="bbox 219 1660 1502 1710; baseline 0.001 -11"><span class='ocrx_word' id='word_1_56' title='bbox 219 1662 475 1709; x_wconf 80' lang='lat' dir='ltr'><strong>attrahuntur⁷</strong></span> <span class='ocrx_word' id='word_1_57' title='bbox 506 1661 638 1710; x_wconf 88' lang='lat' dir='ltr'><strong>itaque</strong></span> <span class='ocrx_word' id='word_1_58' title='bbox 669 1660 949 1698; x_wconf 74' lang='lat' dir='ltr'><strong>nominativum</strong></span> <span class='ocrx_word' id='word_1_59' title='bbox 979 1672 1047 1710; x_wconf 90' lang='lat' dir='ltr'><strong>pro</strong></span> <span class='ocrx_word' id='word_1_60' title='bbox 1078 1660 1295 1699; x_wconf 80' lang='lat' dir='ltr'><strong>accusativo</strong></span> <span class='ocrx_word' id='word_1_61' title='bbox 1325 1661 1502 1700; x_wconf 88' lang='lat' dir='ltr'><strong>induunt.</strong></span> 
     </span>
    </p>

    <p class='ocr_par' dir='ltr' id='par_1_6' title="bbox 218 1731 1767 1924">
     <span class='ocr_line' id='line_1_12' title="bbox 338 1731 1765 1780; baseline 0.001 -11"><span class='ocrx_word' id='word_1_62' title='bbox 338 1732 563 1770; x_wconf 80' lang='lat' dir='ltr'><strong>Subiectum</strong></span> <span class='ocrx_word' id='word_1_63' title='bbox 602 1731 760 1780; x_wconf 87' lang='lat' dir='ltr'><strong>quidem</strong></span> <span class='ocrx_word' id='word_1_64' title='bbox 805 1731 1080 1769; x_wconf 87' lang='lat' dir='ltr'><strong>enuntiationis</strong></span> <span class='ocrx_word' id='word_1_65' title='bbox 1127 1732 1375 1770; x_wconf 84' lang='lat' dir='ltr'><strong>secundariae</strong></span> <span class='ocrx_word' id='word_1_66' title='bbox 1413 1733 1524 1771; x_wconf 90' lang='lat' dir='ltr'><strong>deest</strong></span> <span class='ocrx_word' id='word_1_67' title='bbox 1559 1733 1622 1770; x_wconf 87' lang='lat' dir='ltr'><strong>his</strong></span> <span class='ocrx_word' id='word_1_68' title='bbox 1658 1733 1765 1780; x_wconf 47' lang='lat' dir='ltr'><strong>loeis</strong></span> 
     </span>
     <span class='ocr_line' id='line_1_13' title="bbox 218 1801 1767 1853; baseline 0 -13"><span class='ocrx_word' id='word_1_69' title='bbox 218 1803 284 1841; x_wconf 88' lang='lat' dir='ltr'><strong>ubi</strong></span> <span class='ocrx_word' id='word_1_70' title='bbox 329 1802 484 1852; x_wconf 83' lang='lat' dir='ltr'><strong>proprie</strong></span> <span class='ocrx_word' id='word_1_71' title='bbox 530 1805 765 1839; x_wconf 81' lang='lat' dir='ltr'><strong>structuram</strong></span> <span class='ocrx_word' id='word_1_72' title='bbox 809 1801 1017 1839; x_wconf 78' lang='lat' dir='ltr'><strong>accusativi</strong></span> <span class='ocrx_word' id='word_1_73' title='bbox 1056 1813 1145 1839; x_wconf 90' lang='lat' dir='ltr'><strong>cum</strong></span> <span class='ocrx_word' id='word_1_74' title='bbox 1181 1802 1370 1841; x_wconf 75' lang='lat' dir='ltr'><strong>infinitivo</strong></span> <span class='ocrx_word' id='word_1_75' title='bbox 1401 1807 1687 1853; x_wconf 87' lang='lat' dir='ltr'><strong>exspectamus,</strong></span> <span class='ocrx_word' id='word_1_76' title='bbox 1724 1803 1767 1840; x_wconf 89' lang='lat' dir='ltr'><strong>in</strong></span> 
     </span>
     <span class='ocr_line' id='line_1_14' title="bbox 219 1868 1764 1924; baseline 0 -13"><span class='ocrx_word' id='word_1_77' title='bbox 219 1874 244 1911; x_wconf 83' lang='lat'><strong>1.</strong></span> <span class='ocrx_word' id='word_1_78' title='bbox 266 1873 285 1911; x_wconf 88' lang='grc' dir='ltr'>Ι</span> <span class='ocrx_word' id='word_1_79' title='bbox 308 1873 348 1911; x_wconf 90' lang='lat' dir='ltr'><strong>C.</strong></span> <span class='ocrx_word' id='word_1_80' title='bbox 373 1875 447 1912; x_wconf 85' lang='lat'><strong>54:</strong></span> <span class='ocrx_word' id='word_1_81' title='bbox 481 1872 612 1924; x_wconf 77' lang='grc' dir='ltr'>πάγχυ</span> <span class='ocrx_word' id='word_1_82' title='bbox 642 1884 683 1910; x_wconf 89' lang='grc' dir='ltr'><strong>τε</strong></span> <span class='ocrx_word' id='word_1_83' title='bbox 715 1869 877 1919; x_wconf 78' lang='grc' dir='ltr'>ἐλπίσας</span> <span class='ocrx_word' id='word_1_84' title='bbox 907 1869 1152 1919; x_wconf 75' lang='grc' dir='ltr'>καταλὺσειν,</span> <span class='ocrx_word' id='word_1_85' title='bbox 1183 1884 1273 1922; x_wconf 89' lang='lat' dir='ltr'><strong>pro:</strong></span> <span class='ocrx_word' id='word_1_86' title='bbox 1313 1868 1491 1913; x_wconf 82' lang='grc' dir='ltr'>ἑωυτὸν</span> <span class='ocrx_word' id='word_1_87' title='bbox 1523 1871 1764 1913; x_wconf 74' lang='grc' dir='ltr'>καταλὺσειν.</span> 
     </span>
    </p>

    <p class='ocr_par' dir='ltr' id='par_1_7' title="bbox 337 1937 1305 1994">
     <span class='ocr_line' id='line_1_15' title="bbox 337 1937 1305 1994; baseline 0 -13"><span class='ocrx_word' id='word_1_88' title='bbox 337 1944 362 1981; x_wconf 88' lang='grc'><strong>1.</strong></span> <span class='ocrx_word' id='word_1_89' title='bbox 393 1943 414 1981; x_wconf 91' lang='grc' dir='ltr'><strong>Ι</strong></span> <span class='ocrx_word' id='word_1_90' title='bbox 446 1942 485 1981; x_wconf 79' lang='lat' dir='ltr'><strong>C.</strong></span> <span class='ocrx_word' id='word_1_91' title='bbox 519 1945 594 1981; x_wconf 82' lang='lat'><strong>82:</strong></span> <span class='ocrx_word' id='word_1_92' title='bbox 629 1937 739 1981; x_wconf 75' lang='grc' dir='ltr'>αὐτοὶ</span> <span class='ocrx_word' id='word_1_93' title='bbox 770 1938 946 1994; x_wconf 81' lang='grc' dir='ltr'>ἑκάτεροι</span> <span class='ocrx_word' id='word_1_94' title='bbox 976 1939 1131 1993; x_wconf 79' lang='grc' dir='ltr'>ἔφασαν</span> <span class='ocrx_word' id='word_1_95' title='bbox 1162 1947 1305 1982; x_wconf 74' lang='grc' dir='ltr'>νικᾶν.</span> 
     </span>
    </p>

    <p class='ocr_par' dir='ltr' id='par_1_8' title="bbox 337 2008 1086 2066">
     <span class='ocr_line' id='line_1_16' title="bbox 337 2008 1086 2066; baseline -0.001 -15"><span class='ocrx_word' id='word_1_96' title='bbox 337 2014 362 2051; x_wconf 83' lang='grc'><strong>1.</strong></span> <span class='ocrx_word' id='word_1_97' title='bbox 394 2014 414 2051; x_wconf 89' lang='lat' dir='ltr'>I</span> <span class='ocrx_word' id='word_1_98' title='bbox 446 2013 486 2051; x_wconf 82' lang='lat' dir='ltr'><strong>C.</strong></span> <span class='ocrx_word' id='word_1_99' title='bbox 521 2015 597 2052; x_wconf 83' lang='lat'><strong>97:</strong></span> <span class='ocrx_word' id='word_1_100' title='bbox 631 2008 712 2051; x_wconf 73' lang='grc' dir='ltr'>οὔτ’</span> <span class='ocrx_word' id='word_1_101' title='bbox 743 2009 820 2066; x_wconf 79' lang='grc' dir='ltr'><strong>ἔφη</strong></span> <span class='ocrx_word' id='word_1_102' title='bbox 853 2010 989 2051; x_wconf 76' lang='grc' dir='ltr'>δικᾱν</span> <span class='ocrx_word' id='word_1_103' title='bbox 1021 2009 1086 2051; x_wconf 81' lang='grc' dir='ltr'>ἐ’τι.</span> 
     </span>
    </p>

    <p class='ocr_par' dir='ltr' id='par_1_9' title="bbox 338 2079 1258 2137">
     <span class='ocr_line' id='line_1_17' title="bbox 338 2079 1258 2137; baseline -0.001 -15"><span class='ocrx_word' id='word_1_104' title='bbox 338 2085 362 2122; x_wconf 90' lang='lat' dir='ltr'><strong>l.</strong></span> <span class='ocrx_word' id='word_1_105' title='bbox 394 2084 415 2122; x_wconf 92' lang='lat' dir='ltr'>I</span> <span class='ocrx_word' id='word_1_106' title='bbox 447 2084 486 2122; x_wconf 87' lang='lat' dir='ltr'><strong>C.</strong></span> <span class='ocrx_word' id='word_1_107' title='bbox 523 2086 625 2123; x_wconf 87' lang='lat'>119:</span> <span class='ocrx_word' id='word_1_108' title='bbox 659 2079 680 2122; x_wconf 84' lang='grc' dir='ltr'>ὁ</span> <span class='ocrx_word' id='word_1_109' title='bbox 713 2081 755 2122; x_wconf 83' lang='grc' dir='ltr'><strong>δὲ</strong></span> <span class='ocrx_word' id='word_1_110' title='bbox 786 2082 854 2122; x_wconf 81' lang='grc' dir='ltr'><strong>καὶ</strong></span> <span class='ocrx_word' id='word_1_111' title='bbox 882 2084 1139 2133; x_wconf 78' lang='grc' dir='ltr'>γινώσκειν</span> <span class='ocrx_word' id='word_1_112' title='bbox 1169 2080 1258 2137; x_wconf 82' lang='grc' dir='ltr'>ἐφη.</span> 
     </span>
    </p>

    <p class='ocr_par' dir='ltr' id='par_1_10' title="bbox 338 2150 1121 2208">
     <span class='ocr_line' id='line_1_18' title="bbox 338 2150 1121 2208; baseline 0 -16"><span class='ocrx_word' id='word_1_113' title='bbox 338 2155 363 2192; x_wconf 93' lang='grc'><strong>1.</strong></span> <span class='ocrx_word' id='word_1_114' title='bbox 395 2154 415 2192; x_wconf 91' lang='lat'>1</span> <span class='ocrx_word' id='word_1_115' title='bbox 446 2154 486 2193; x_wconf 87' lang='lat' dir='ltr'><strong>C.</strong></span> <span class='ocrx_word' id='word_1_116' title='bbox 523 2155 625 2193; x_wconf 87' lang='lat'>156:</span> <span class='ocrx_word' id='word_1_117' title='bbox 659 2152 735 2208; x_wconf 73' lang='grc' dir='ltr'><strong>ἔφη</strong></span> <span class='ocrx_word' id='word_1_118' title='bbox 768 2150 804 2192; x_wconf 85' lang='grc' dir='ltr'><strong>οἱ</strong></span> <span class='ocrx_word' id='word_1_119' title='bbox 834 2151 1121 2192; x_wconf 73' lang='grc' dir='ltr'>πείθεσθαι.</span> 
     </span>
    </p>

    <p class='ocr_par' dir='ltr' id='par_1_11' title="bbox 222 2218 1768 2347">
     <span class='ocr_line' id='line_1_19' title="bbox 338 2218 1768 2279; baseline 0.001 -17"><span class='ocrx_word' id='word_1_120' title='bbox 338 2225 363 2262; x_wconf 85' lang='grc'><strong>1.</strong></span> <span class='ocrx_word' id='word_1_121' title='bbox 395 2224 435 2262; x_wconf 94' lang='grc' dir='ltr'>Π</span> <span class='ocrx_word' id='word_1_122' title='bbox 467 2225 507 2263; x_wconf 84' lang='lat' dir='ltr'><strong>O.</strong></span> <span class='ocrx_word' id='word_1_123' title='bbox 542 2227 615 2264; x_wconf 82' lang='lat'><strong>28:</strong></span> <span class='ocrx_word' id='word_1_124' title='bbox 649 2219 776 2271; x_wconf 71' lang='grc' dir='ltr'>οὐδεὶς</span> <span class='ocrx_word' id='word_1_125' title='bbox 814 2218 1007 2276; x_wconf 73' lang='grc' dir='ltr'>ὑπέσχετο</span> <span class='ocrx_word' id='word_1_126' title='bbox 1047 2220 1231 2263; x_wconf 72' lang='grc' dir='ltr'>εἰδέναι</span> <span class='ocrx_word' id='word_1_127' title='bbox 1269 2229 1326 2264; x_wconf 87' lang='lat' dir='ltr'><strong>et:</strong></span> <span class='ocrx_word' id='word_1_128' title='bbox 1368 2226 1541 2279; x_wconf 77' lang='grc' dir='ltr'>φάμενος</span> <span class='ocrx_word' id='word_1_129' title='bbox 1581 2222 1768 2265; x_wconf 76' lang='grc' dir='ltr'>εἰδέναι</span> 
     </span>
     <span class='ocr_line' id='line_1_20' title="bbox 222 2292 428 2347; baseline -0.01 -14"><span class='ocrx_word' id='word_1_130' title='bbox 222 2292 428 2347; x_wconf 77' lang='grc' dir='ltr'>ἀτρεκέως.</span> 
     </span>
    </p>

    <p class='ocr_par' dir='ltr' id='par_1_12' title="bbox 338 2359 1068 2418">
     <span class='ocr_line' id='line_1_21' title="bbox 338 2359 1068 2418; baseline 0 -16"><span class='ocrx_word' id='word_1_131' title='bbox 338 2365 363 2402; x_wconf 92' lang='lat' dir='ltr'><strong>l.</strong></span> <span class='ocrx_word' id='word_1_132' title='bbox 395 2365 435 2402; x_wconf 95' lang='lat' dir='ltr'><strong>II</strong></span> <span class='ocrx_word' id='word_1_133' title='bbox 467 2364 507 2403; x_wconf 81' lang='lat' dir='ltr'><strong>O.</strong></span> <span class='ocrx_word' id='word_1_134' title='bbox 544 2366 645 2403; x_wconf 84' lang='lat'>118:</span> <span class='ocrx_word' id='word_1_135' title='bbox 679 2364 844 2418; x_wconf 73' lang='grc' dir='ltr'>φάμενοι</span> <span class='ocrx_word' id='word_1_136' title='bbox 875 2359 1068 2402; x_wconf 77' lang='grc' dir='ltr'>εἰδέναι.</span> 
     </span>
    </p>

    <p class='ocr_par' dir='ltr' id='par_1_13' title="bbox 220 2429 1768 2630">
     <span class='ocr_line' id='line_1_22' title="bbox 338 2429 1768 2489; baseline 0 -16"><span class='ocrx_word' id='word_1_137' title='bbox 338 2436 362 2473; x_wconf 86' lang='lat' dir='ltr'><strong>l.</strong></span> <span class='ocrx_word' id='word_1_138' title='bbox 409 2435 449 2473; x_wconf 88' lang='grc' dir='ltr'>Π</span> <span class='ocrx_word' id='word_1_139' title='bbox 496 2435 536 2473; x_wconf 89' lang='lat' dir='ltr'><strong>C.</strong></span> <span class='ocrx_word' id='word_1_140' title='bbox 587 2436 689 2473; x_wconf 84' lang='lat'>162:</span> <span class='ocrx_word' id='word_1_141' title='bbox 745 2429 766 2472; x_wconf 84' lang='grc' dir='ltr'>ὁ</span> <span class='ocrx_word' id='word_1_142' title='bbox 813 2432 856 2472; x_wconf 84' lang='grc' dir='ltr'><strong>δὲ</strong></span> <span class='ocrx_word' id='word_1_143' title='bbox 902 2431 1026 2472; x_wconf 85' lang='grc' dir='ltr'>ἐπείτε</span> <span class='ocrx_word' id='word_1_144' title='bbox 1075 2430 1309 2488; x_wconf 74' lang='grc' dir='ltr'>ἀπικόμενος</span> <span class='ocrx_word' id='word_1_145' title='bbox 1353 2433 1631 2489; x_wconf 77' lang='grc' dir='ltr'>κατελάμβανε</span> <span class='ocrx_word' id='word_1_146' title='bbox 1675 2434 1768 2481; x_wconf 84' lang='grc' dir='ltr'>τοὺς</span> 
     </span>
     <span class='ocr_line' id='line_1_23' title="bbox 220 2500 1767 2559; baseline -0.002 -13"><span class='ocrx_word' id='word_1_147' title='bbox 220 2502 474 2557; x_wconf 76' lang='grc' dir='ltr'>Αἰγυπτίους,</span> <span class='ocrx_word' id='word_1_148' title='bbox 514 2509 640 2544; x_wconf 84' lang='grc' dir='ltr'>ταῦτα</span> <span class='ocrx_word' id='word_1_149' title='bbox 679 2504 741 2559; x_wconf 83' lang='grc' dir='ltr'><strong>μὴ</strong></span> <span class='ocrx_word' id='word_1_150' title='bbox 774 2504 957 2544; x_wconf 78' lang='grc' dir='ltr'>ποιέειν</span> <span class='ocrx_word' id='word_1_151' title='bbox 987 2502 1169 2555; x_wconf 80' lang='grc' dir='ltr'>λέγοντος</span> <span class='ocrx_word' id='word_1_152' title='bbox 1200 2500 1320 2545; x_wconf 73' lang='grc' dir='ltr'>αὐτοῦ</span> <span class='ocrx_word' id='word_1_153' title='bbox 1351 2510 1429 2545; x_wconf 84' lang='grc' dir='ltr'><strong>τῶν</strong></span> <span class='ocrx_word' id='word_1_154' title='bbox 1460 2518 1515 2554; x_wconf 82' lang='grc' dir='ltr'><strong>τις</strong></span> <span class='ocrx_word' id='word_1_155' title='bbox 1545 2500 1767 2555; x_wconf 80' lang='grc' dir='ltr'>Αἰγυπτίων</span> 
     </span>
     <span class='ocr_line' id='line_1_24' title="bbox 221 2570 1764 2630; baseline -0.001 -16"><span class='ocrx_word' id='word_1_156' title='bbox 221 2574 362 2614; x_wconf 77' lang='grc' dir='ltr'>ὄπισθε</span> <span class='ocrx_word' id='word_1_157' title='bbox 395 2576 493 2619; x_wconf 86' lang='grc' dir='ltr'>στὰς</span> <span class='ocrx_word' id='word_1_158' title='bbox 522 2572 737 2628; x_wconf 74' lang='grc' dir='ltr'>περιέθηκε</span> <span class='ocrx_word' id='word_1_159' title='bbox 770 2570 806 2612; x_wconf 88' lang='grc' dir='ltr'><strong>οἱ</strong></span> <span class='ocrx_word' id='word_1_160' title='bbox 836 2575 997 2627; x_wconf 77' lang='grc' dir='ltr'><strong>κυνέην,</strong></span> <span class='ocrx_word' id='word_1_161' title='bbox 1036 2574 1104 2612; x_wconf 77' lang='grc' dir='ltr'><strong>καὶ</strong></span> <span class='ocrx_word' id='word_1_162' title='bbox 1140 2574 1350 2627; x_wconf 83' lang='grc' dir='ltr'>περιτιθεὶς</span> <span class='ocrx_word' id='word_1_163' title='bbox 1380 2573 1456 2630; x_wconf 80' lang='grc' dir='ltr'><strong>ἔφη</strong></span> <span class='ocrx_word' id='word_1_164' title='bbox 1488 2574 1549 2614; x_wconf 84' lang='grc' dir='ltr'><strong>ἐπὶ</strong></span> <span class='ocrx_word' id='word_1_165' title='bbox 1581 2573 1764 2627; x_wconf 77' lang='grc' dir='ltr'>βασιληίῃ</span> 
     </span>
    </p>
   </div>
   <div class='ocr_carea' id='block_1_5' title="bbox 325 2712 1388 2887">
    <p class='ocr_par' dir='ltr' id='par_1_14' title="bbox 325 2712 1388 2887">
     <span class='ocr_line' id='line_1_25' title="bbox 340 2712 1308 2757; baseline 0 -11"><span class='ocrx_word' id='word_1_166' title='bbox 340 2714 369 2754; x_wconf 84' lang='grc'><strong>1)</strong></span> <span class='ocrx_word' id='word_1_167' title='bbox 394 2714 579 2746; x_wconf 86' lang='lat' dir='ltr'><strong>Kuehner:</strong></span> <span class='ocrx_word' id='word_1_168' title='bbox 606 2712 861 2746; x_wconf 76' lang='lat' dir='ltr'><strong>Ausfiihrliche</strong></span> <span class='ocrx_word' id='word_1_169' title='bbox 888 2712 1102 2746; x_wconf 84' lang='lat' dir='ltr'><strong>Grammatik</strong></span> <span class='ocrx_word' id='word_1_170' title='bbox 1127 2716 1147 2757; x_wconf 66' lang='grc' dir='ltr'><strong><em>ξ</em></strong></span> <span class='ocrx_word' id='word_1_171' title='bbox 1170 2713 1249 2747; x_wconf 82' lang='lat'>475.</span> <span class='ocrx_word' id='word_1_172' title='bbox 1277 2713 1308 2746; x_wconf 85' lang='lat'><strong>5.</strong></span> 
     </span>
     <span class='ocr_line' id='line_1_26' title="bbox 339 2769 1160 2815; baseline 0 -10"><span class='ocrx_word' id='word_1_173' title='bbox 339 2770 368 2814; x_wconf 78' lang='lat'><strong>2)</strong></span> <span class='ocrx_word' id='word_1_174' title='bbox 393 2770 602 2806; x_wconf 85' lang='lat' dir='ltr'><strong>Buttmann:</strong></span> <span class='ocrx_word' id='word_1_175' title='bbox 630 2770 770 2805; x_wconf 79' lang='lat' dir='ltr'><strong>Griech.</strong></span> <span class='ocrx_word' id='word_1_176' title='bbox 798 2769 1012 2805; x_wconf 86' lang='lat' dir='ltr'><strong>Grammatik</strong></span> <span class='ocrx_word' id='word_1_177' title='bbox 1038 2771 1057 2815; x_wconf 66' lang='grc' dir='ltr'><strong>ξ</strong></span> <span class='ocrx_word' id='word_1_178' title='bbox 1083 2770 1160 2805; x_wconf 83' lang='grc'><strong>129.</strong></span> 
     </span>
     <span class='ocr_line' id='line_1_27' title="bbox 325 2829 1388 2887; baseline -0.002 -22"><span class='ocrx_word' id='word_1_179' title='bbox 325 2830 374 2872; x_wconf 72' lang='grc'><strong>,3)</strong></span> <span class='ocrx_word' id='word_1_180' title='bbox 399 2829 585 2864; x_wconf 86' lang='lat' dir='ltr'><strong>Matthiae:</strong></span> <span class='ocrx_word' id='word_1_181' title='bbox 612 2829 795 2864; x_wconf 80' lang='lat' dir='ltr'><strong>Ausfiihrl.</strong></span> <span class='ocrx_word' id='word_1_182' title='bbox 823 2829 955 2873; x_wconf 85' lang='lat' dir='ltr'><strong>griech.</strong></span> <span class='ocrx_word' id='word_1_183' title='bbox 983 2829 1195 2863; x_wconf 85' lang='lat' dir='ltr'><strong>Grammatik</strong></span> <span class='ocrx_word' id='word_1_184' title='bbox 1221 2831 1241 2874; x_wconf 63' lang='grc' dir='ltr'>ξ</span> <span class='ocrx_word' id='word_1_185' title='bbox 1265 2830 1334 2887; x_wconf 56' lang='grc'><strong>536</strong></span> <span class='ocrx_word' id='word_1_186' title='bbox 1359 2841 1388 2863; x_wconf 87' lang='lat' dir='ltr'><strong>a.</strong></span> 
     </span>
    </p>
   </div>
  </div>
 </body>
</html>
