1978 3194
965 114 1016 151 19

222 273 360 302 nomen
404 255 608 297 relativum
653 247 745 290 ὅσον
792 274 847 280 -
892 253 1034 291 omisso
1077 253 1327 303 pronomine:
1379 256 1560 292 τοσοῦτον
1606 276 1660 280 -
1704 253 1753 291 ab

222 328 448 372 accusativis
478 321 653 381 μέγαθος
683 324 722 361 et
751 317 849 376 ῧψῦς
876 323 1096 362 attrahatur·

335 401 382 438 In
410 399 435 436 1.
465 396 486 434 Ι
517 395 557 433 Ο.
592 395 673 432 199
703 393 890 442 legimus:
921 393 966 433 τὸ
996 391 1039 432 δὲ
1070 389 1250 446 ἀργὺριον
1280 392 1456 447 μέγαθός
1485 391 1565 433 ἐστι
1593 389 1751 440 ὁσονῶν,

222 483 319 523 quae
362 468 478 507 verba
513 462 740 514 Baehriusl)
777 463 831 502 ita
875 464 1009 503 vertit:
1046 463 1209 515 pecunia
1246 464 1583 515 quantulacunque
1618 464 1751 514 fuerit3

221 545 260 580 et
295 542 399 578 recte
436 535 603 586 quidem.
666 534 955 573 Substantivum
992 535 1097 574 enim
1127 533 1304 589 μέγαθος
1332 539 1372 574 et
1400 547 1627 585 pronomen:
1659 531 1752 574 ὅσον

220 622 335 649 unam
378 604 655 658 quodammodo
698 605 894 644 notionem
938 605 1128 654 efficiunt,
1173 617 1263 644 cum
1304 617 1515 656 pronomen
1552 600 1645 645 ὅσον
1682 617 1752 656 per

219 678 481 719 attractionem
509 675 770 713 accusativum
798 675 974 714 vocabuli
1004 673 1180 730 μέγαθος
1208 676 1387 715 induerit.

333 746 483 786 Deinde
511 757 580 796 pro
609 746 825 785 accusativo
853 746 1041 785 habemus
1069 758 1280 797 pronomen
1310 742 1403 785 ὅσον
1430 746 1473 784 in
1501 746 1527 784 l.
1547 746 1590 784 H
1613 746 1653 785 C.
1678 748 1749 785 22:

220 816 253 859 εἰ
288 819 408 858 τοίνυν
445 814 608 869 ἐχιόνιζε
645 816 713 855 καὶ
749 812 930 856 ὁσονῶν
966 815 1105 871 ταὺτην
1140 815 1210 871 τὴν
1238 816 1411 871 χώρηνῖ)
1446 828 1533 867 pro:
1571 820 1752 856 τοσοῦτον

218 888 378 943 ἐχιόνιζε
431 883 578 926 ὁσονῶν
627 884 736 933 ἐστί,
786 887 853 926 ubi
901 898 1112 937 pronomen
1156 882 1248 927 ὅσον
1291 887 1341 926 ad
1384 887 1545 926 verbum
1589 883 1750 940 ἐχιόνιζε

218 958 463 999 referendum
497 960 567 996 est.

332 1028 393 1067 Ad
413 1027 581 1067 eundem
599 1028 835 1067 attractionis
854 1039 970 1068 usum
985 1028 1189 1067 revocandi
1209 1031 1300 1067 sunt
1317 1028 1359 1066 hi
1374 1028 1467 1067 loci:
1488 1028 1513 1066 1.
1529 1027 1570 1066 H
1586 1027 1626 1067 O.
1648 1030 1748 1068 103:

219 1095 240 1139 ὁ
278 1095 460 1150 βασιλεὺς
496 1093 714 1150 Σέσωστρις
760 1094 1059 1153 ἀποδασάμενος
1103 1103 1171 1153 τῆς
1207 1094 1354 1138 ἑωυτοῦ
1400 1102 1580 1154 στρατιῆς
1617 1099 1750 1153 μόριον

218 1165 331 1209 ὅσον
362 1166 418 1222 δὴ
450 1162 568 1208 αὐτοῦ
588 1166 780 1217 κατέλιπε,
810 1169 878 1208 ubi
906 1167 1134 1220 Baehrius3)
1162 1169 1440 1209 accusativum:
1471 1164 1564 1209 ὅσον
1591 1167 1673 1223 (δή)
1693 1192 1749 1199 -

216 1251 312 1290 pr0:·
335 1243 513 1294 στρατιῆς
542 1242 723 1278 τοσοῦτον
753 1240 886 1293 μόριον
916 1236 1009 1279 ὅσον
1039 1237 1088 1294 δή
1119 1237 1200 1278 ἐστι
1220 1262 1275 1268 --
1295 1251 1319 1277 a
1338 1240 1593 1278 substantivo:
1617 1241 1750 1294 μόριον

217 1313 417 1348 attractum
452 1309 572 1347 latine
603 1311 796 1359 expressit
823 1322 910 1360 per:
951 1311 1302 1360 „qualemcunque“
1334 1311 1571 1359 (seilmxerat
1599 1311 1750 1360 reliquo

217 1380 388 1419 exercitu
416 1383 565 1429 partem
595 1380 927 1431 qualemcunque).

330 1451 355 1488 1.
385 1451 426 1488 H
457 1450 496 1489 O.
532 1453 611 1490 126
652 1450 902 1505 πρήσσεσθαι
938 1447 1117 1504 ἀργὺριον
1154 1447 1295 1491 ὁκόσον
1325 1448 1375 1505 δή
1405 1463 1440 1490 τι
1467 1451 1492 1489 i.
1513 1462 1546 1489 e.
1571 1446 1750 1504 ἀργὺριον

216 1524 397 1560 τοσοῦτον
428 1515 570 1560 ὁκόσον
601 1518 651 1575 δή
674 1521 710 1560 τί
733 1519 813 1560 ἐστι
836 1544 890 1549 —
910 1521 1048 1560 latine:
1087 1521 1274 1572 pecuniae
1297 1532 1486 1559 summam
1507 1521 1749 1571 quantulam-

216 1604 378 1641 cunque,
408 1604 484 1642 quo
512 1593 613 1630 loco:
646 1588 787 1631 ὁκόσον
816 1593 1056 1631 accusativus
1086 1596 1156 1631 est.

328 1663 353 1702 1.
384 1663 443 1702 ΠΙ
474 1662 514 1703 C.
538 1665 591 1704 52
620 1661 731 1710 τέλος
758 1661 801 1703 δὲ
832 1659 853 1704 ὁ
884 1659 1123 1718 Περίανδρος
1152 1663 1333 1718 κήρυγμα
1358 1657 1565 1718 ἐποιήσατο
1588 1685 1642 1690 -
1664 1657 1749 1718 ἱρὴν

215 1733 351 1787 ζημίην
381 1738 513 1773 τοῦτον
541 1740 594 1787 τῷ
625 1731 836 1774 Ἀπόλλωνι
867 1730 1031 1789 ὀφείλειν
1061 1731 1157 1788 ὅσην
1187 1731 1236 1787 δὴ
1258 1731 1379 1781 εἴπας,
1409 1734 1476 1772 ubi
1502 1745 1566 1772 me
1591 1734 1750 1783 quidem

214 1803 340 1842 iudice
371 1804 542 1843 Steinius
577 1805 672 1844 item
708 1817 753 1844 ac
789 1804 1014 1855 Baehrius4)
1050 1816 1260 1856 pronomen
1297 1800 1393 1858 ὅσην
1427 1807 1613 1843 commate
1643 1808 1747 1854 post:

215 1868 378 1927 ὀφείλειν
407 1875 530 1924 posito
559 1876 607 1913 ab
636 1876 952 1914 antecedentibus
981 1887 1059 1913 non
1077 1876 1177 1914 bene
1199 1875 1380 1922 seiunxit,
1410 1886 1499 1912 cum
1518 1887 1747 1924 pronomen:

216 1938 309 1997 ὅσην
337 1956 360 1982 a
390 1946 643 1984 substantivo:
674 1945 812 2000 ζημίην
841 1946 1062 1984 attrahatur.

329 2013 353 2051 1.
384 2014 444 2053 ΠΙ
480 2015 521 2054 C.
556 2017 636 2055 159
669 2011 828 2061 ἐπέταξε
868 2038 922 2043 -—
959 2020 1144 2066 γυναῖκας
1180 2011 1221 2061 ἐς
1250 2011 1473 2068 Βαβυλῶνα
1509 2016 1747 2063 κατιστάναι,

214 2078 331 2131 ὅσας
376 2083 432 2137 δὴ
466 2076 676 2133 Ιἑκάστοισι
712 2083 929 2126 ἐπιτάσσων
965 2087 990 2124 i.
1022 2099 1054 2126 e.
1084 2086 1278 2132 τοσαῦτας
1316 2110 1370 2115 -
1412 2083 1628 2127 ἐπιτάσσων
1658 2084 1749 2126 ὅσαι

213 2148 262 2207 δή
294 2148 376 2193 εἰσι.
447 2160 452 2177 ¹

321 2224 350 2262 1.
369 2225 430 2263 IV·
456 2226 495 2265 C.
522 2230 600 2267 151
633 2228 734 2266 σιτία
760 2226 1038 2273 καταλιπόντες
1068 2224 1193 2267 ὅσων
1223 2226 1280 2282 δὴ
1302 2234 1431 2282 μηνῶν
1451 2229 1475 2266 i.
1497 2241 1529 2267 e.
1550 2228 1748 2267 τοσοῦτων

210 2297 354 2347 μηνῶν,
386 2291 471 2337 ὅσοι
501 2295 550 2354 δή
582 2294 666 2338 εἰσι.

320 2364 346 2402 1.
367 2365 405 2403 V
436 2367 476 2406 C.
509 2371 554 2408 4:
587 2365 663 2408 ὅσα
694 2381 755 2424 μιν
776 2367 836 2408 δεῖ
856 2392 910 2397 -
936 2365 1157 2425 ἀναπλῆσαι
1182 2370 1301 2417 κακά,
1330 2381 1428 2420 quae
1455 2370 1572 2409 verba
1591 2381 1747 2408 causam

210 2433 390 2485 afferunt,
428 2450 497 2477 cur
527 2439 664 2479 Transi
699 2441 897 2479 hominem
934 2451 1072 2480 recens
1106 2444 1239 2480 natum
1267 2440 1436 2490 lugeant.
1496 2440 1632 2491 Itaque
1661 2453 1747 2491 pro-

327 2584 355 2628 ¹)
379 2584 512 2622 Baehr:
538 2589 575 2623 in
600 2590 729 2626 adnott.
756 2590 800 2625 ad
823 2590 858 2625 h.
884 2590 907 2625 1.

328 2652 357 2696 2)
381 2654 511 2692 Baehr:
537 2659 575 2693 in
599 2660 728 2696 adnott.
755 2661 798 2695 ad
821 2661 857 2695 h.
882 2660 906 2695 1.

324 2723 354 2766 3)
380 2725 510 2764 Baehr:
536 2731 574 2765 in
599 2733 727 2768 adnott.
754 2733 797 2768 ad
821 2733 856 2768 h.
882 2733 905 2768 l.

326 2793 358 2838 4)
382 2795 505 2835 Baehr.
532 2801 570 2836 in
594 2803 723 2839 adnott.
749 2803 792 2838 ad
816 2803 852 2838 h.
877 2803 900 2839 1.
