1978 3194
937 135 987 174 15

189 285 389 328 τοιοὺτων,
419 278 525 317 notio
555 276 622 314 issa
651 275 897 325 praedicandi
925 275 1034 324 pium
1058 275 1227 313 filiorum
1257 286 1351 323 erga
1377 276 1540 311 matrem
1559 273 1733 311 animum

195 356 337 397 maiore
367 349 531 402 quadam
567 346 605 384 vi
644 345 891 396 exprimatur.
952 344 1140 383 Baehrius
1155 344 1185 395 1)
1230 348 1360 383 autem
1397 343 1482 382 iure
1519 343 1733 393 meritoque

195 424 403 466 assentitur
422 418 630 458 Matthiaeo
659 418 763 455 hunc
791 418 921 455 locum
950 417 1003 454 ita
1023 416 1207 454 vertenti:
1239 416 1330 453 dass
1350 416 1413 452 ihr
1434 415 1563 452 solche
1584 414 1734 452 Kinder

197 510 243 536 zu
263 492 374 533 Theil
403 488 613 540 geworden
633 490 775 536 waren,
807 500 1039 539 quamquam
1070 491 1202 526 nostro
1232 487 1389 537 quidem
1410 497 1588 524 sermone
1618 496 1733 535 pecu-

195 567 329 604 liarem
358 569 520 611 graecae
550 558 729 596 dictionis
760 559 933 607 vigorem
963 559 1147 597 exhibere
1177 570 1256 596 non
1285 568 1503 607 possumus.

312 630 439 670 Simili
468 629 614 666 ratione
645 629 897 678 explicandus
936 633 996 667 est
1030 629 1131 667 alius
1168 629 1277 666 locus
1308 628 1332 665 1.
1372 627 1480 665 VHI,
1513 627 1553 665 O.
1595 628 1666 665 12:
1699 621 1735 664 οἱ

196 704 239 745 δὲ
260 705 490 755 στρατιῶται
513 722 567 726 —-—
589 694 808 747 ἐλπίζοντες
835 700 967 753 πάγχυ
995 695 1238 738 ἀπολέεσθαι
1267 694 1313 746 ἐς
1343 694 1420 737 οἷα
1447 696 1553 735 κακὰ
1581 692 1734 750 ἧκον.2)

195 775 294 813 Nam
323 773 422 809 hanc
452 781 604 819 quoquc
636 770 940 809 enuntiationem
985 770 1142 808 nonnisi
1187 782 1209 808 0
1239 766 1369 807 verbis
1401 764 1460 806 ὅτι
1500 763 1540 814 ἐς
1573 770 1735 805 τοιαῦτα

196 843 300 884 κακὰ
327 839 434 897 ἧκον,
465 840 546 878 8011.
578 836 642 878 οἷά
670 836 751 879 ἐστι
783 864 837 868 —
869 844 991 879 ortam
1022 852 1109 879 esse
1147 840 1260 878 facile
1292 843 1352 878 est
1390 838 1604 884 intellectu⁷
1643 848 1734 875 cum

196 915 328 953 verba:
366 908 405 959 ἐς
443 907 507 950 οἷα
544 910 651 949 κακὰ
685 907 783 965 ἧκον
826 911 1012 949 1111111111111
1054 914 1229 960 repetant
1274 921 1439 957 causam,
1482 921 1551 947 cur
1588 908 1735 946 milites

198 997 239 1023 se
268 982 490 1021 interituros
521 992 609 1019 csse
639 984 827 1030 putarent.
887 982 1098 1032 Aptissime
1135 985 1265 1019 autem
1301 980 1520 1019 Herodotus
1557 979 1598 1016 id
1633 977 1737 1028 quod

195 1052 415 1104 explicandi
445 1052 567 1101 gratia
594 1052 909 1091 antecedentibus
929 1053 1123 1091 adiectum
1143 1056 1214 1101 est⁷
1245 1055 1324 1090 tam
1344 1051 1512 1090 breviter
1532 1048 1736 1100 expressit.

196 1126 396 1164 Praeterea
441 1134 530 1161 cum
574 1123 646 1162 hoc
690 1123 773 1162 1000
817 1124 1049 1163 conferenda
1094 1127 1186 1162 sunt
1221 1124 1338 1162 verba
1377 1123 1402 1160 1.
1446 1121 1484 1159 V
1523 1120 1563 1160 C.
1603 1122 1656 1160 92
1696 1119 1734 1164 C:

198 1194 418 1248 θωυμάζειν
448 1206 490 1232 τε
529 1188 647 1233 αὐτοῦ
682 1190 893 1246 παρόἷον
934 1207 996 1248 μιν
1036 1191 1161 1247 ἄνδρα
1198 1190 1444 1247 ἀποπέμψειε
1477 1193 1500 1230 1.
1540 1204 1572 1230 0.
1605 1187 1664 1230 ὅτι
1695 1186 1736 1237 ἐς

196 1268 368 1305 τοιοῦτον
401 1259 526 1316 ἄνδρα
558 1275 620 1318 μιν
652 1260 905 1319 ἀποπέμψειε,
938 1265 1018 1304 8011.
1051 1261 1131 1313 οἷός
1161 1260 1276 1304 ἐστιν.

312 1335 490 1383 Denique
520 1335 647 1372 facere
678 1347 756 1372 non
785 1347 954 1385 possum,
991 1336 1085 1384 quin
1123 1336 1255 1384 paucis
1293 1345 1590 1373 commemorem
1620 1332 1736 1370 verba

198 1407 221 1445 1.
252 1406 319 1444 IV.
358 1405 397 1444 C.
432 1408 505 1445 28:
555 1402 654 1445 ἔνθα
679 1405 770 1454 τοὺς
806 1406 875 1461 μὲν
907 1402 1009 1445 ὀκτὼ
1040 1411 1116 1445 τῶν
1164 1410 1297 1460 μηνῶν
1345 1401 1589 1460 ἀφόρητος
1632 1398 1737 1451 οἷος

196 1475 336 1526 γίνεται
356 1477 516 1528 κρυμός,
539 1477 679 1525 quippe
701 1489 799 1526 quac
821 1484 860 1514 et
889 1477 972 1526 ipsa
1002 1477 1267 1514 attractionem
1287 1476 1479 1525 quandam
1498 1475 1737 1524 pronominis

198 1542 276 1594 οἷος
308 1546 525 1585 exhibeant.
595 1546 885 1586 Substantivum
922 1547 1029 1586 enim
1064 1548 1212 1602 κρυμός
1244 1571 1298 1575 ——
1330 1547 1472 1586 omisso
1509 1546 1737 1597 pronomine

197 1618 495 1656 demonstrativo
527 1641 581 1645 ——
613 1630 702 1656 cum
731 1619 957 1669 pronomine
988 1615 1068 1667 οἷος
1098 1619 1347 1657 coniunctum
1379 1621 1450 1666 cst,
1488 1629 1607 1668 quare
1638 1617 1737 1655 duae

197 1690 347 1738 proprie
386 1690 670 1727 enuntiationes
709 1690 933 1727 statuendae
980 1693 1087 1727 sunt:
1140 1687 1242 1728 ἔνθα
1289 1712 1342 1716 -
1386 1693 1561 1736 τοιοῦτος
1596 1686 1737 1738 γίνεται

197 1760 355 1812 κρυμός,
389 1755 470 1806 οἷός
502 1755 604 1798 ἐστιν
637 1755 847 1814 ἀφόρητος,
880 1772 977 1809 quae
1010 1783 1064 1787 -—
1102 1761 1302 1798 verborem
1340 1760 1474 1797 ordine
1504 1762 1650 1797 mutato
1682 1781 1736 1785 —

197 1828 249 1866 ita
293 1829 334 1866 in
377 1841 495 1867 unam
540 1830 826 1878 contrahuntur,
871 1833 915 1868 ut
958 1842 1170 1881 pronomen
1223 1826 1304 1877 οἷος
1348 1834 1434 1880 post
1484 1829 1736 1867 adiectivum:

199 1895 396 1953 ἀφόρητος
425 1901 594 1950 positum
628 1904 747 1939 totam
792 1902 1071 1951 quodammodo
1117 1902 1347 1940 sententiam
1377 1912 1520 1949 augere
1551 1901 1736 1938 videatur.

198 1968 280 2017 Quo
316 1970 459 2009 melius
495 1974 613 2009 totam
651 1974 903 2021 structuram,
942 1984 964 2010 e
1002 1984 1078 2022 qua.
1116 1971 1306 2010 eiusmodi
1343 1971 1501 2009 locutio:
1539 1967 1738 2025 ἀφόρητος

199 2036 277 2087 οἷος
314 2042 482 2090 profecta
514 2043 585 2090 sit,
616 2043 904 2092 perspiciamus,
934 2042 1100 2093 locum3)
1146 2055 1168 2081 e
1212 2043 1455 2092 Xenophont.
1501 2043 1737 2081 memorabil.

198 2111 360 2159 petitum
388 2113 558 2150 afferam:
590 2108 720 2152 ἐδόκει
752 2118 964 2161 τοιοῦτος
996 2110 1105 2160 εἶναι,
1138 2110 1218 2161 οἷος
1248 2109 1295 2152 ἂν
1316 2111 1375 2167 εἴη
1402 2110 1555 2165 ἄριστός
1574 2125 1619 2163 γε
1640 2109 1738 2167 ἀνὴρ

198 2181 264 2219 καί
294 2176 651 2236 εὐδαιμονέστατος.

313 2251 396 2289 Iam
432 2265 524 2290 vero
561 2254 789 2291 accedamus
834 2254 883 2291 ad
927 2254 1055 2291 locum
1099 2254 1123 2291 1.
1163 2254 1250 2291 VH.
1292 2254 1331 2292 C.
1365 2257 1431 2302 47,
1469 2255 1536 2292 ubi
1565 2255 1739 2292 attractio

199 2322 435 2368 pronominis
466 2318 546 2370 οἷος
577 2323 719 2362 omissa
750 2327 827 2362 est:
861 2319 1088 2376 Ἀρτάβανε,
1121 2323 1251 2379 βιοτῆς
1283 2325 1353 2378 μὲν
1384 2329 1452 2364 νῦν
1485 2321 1740 2378 ἀνθρωπηίης

199 2390 283 2441 περι
314 2386 488 2446 ὲοὺσης
518 2393 745 2447 τοιαύτης
776 2390 861 2447 οἵην
892 2406 965 2446 περ
997 2394 1044 2433 σὺ
1076 2393 1241 2446 διαιρέαι
1280 2392 1395 2444 εἷναι;
1435 2407 1511 2445 quo
1541 2396 1624 2433 loco
1654 2407 1740 2444 pro-

199 2458 299 2497 fecto
329 2463 632 2501 enuntiationem
662 2467 878 2502 attractam:
923 2460 1182 2518 ἀνθρωπηίης
1218 2466 1305 2518 περι
1343 2462 1428 2519 οἵης
1463 2477 1536 2518 περ
1576 2465 1623 2505 σὺ
1656 2477 1738 2515 sqq.

200 2533 456 2577 expectamus.
533 2533 612 2571 Sed
647 2537 690 2571 ut
726 2546 789 2571 res
826 2535 879 2571 ita
916 2546 958 2572 se
995 2534 1133 2573 habeat
1169 2535 1268 2572 illud
1305 2548 1457 2585 quoque
1489 2536 1740 2585 spectandum

200 2600 269 2646 est,
284 2603 328 2637 ut
341 2600 533 2642 Herodoto
551 2615 704 2654 semper
723 2605 804 2642 fere
825 2608 971 2643 certam
987 2605 1178 2654 quandam
1198 2617 1364 2654 0311811111,
1386 2618 1455 2643 cur
1474 2606 1741 2644 attractionem

206 2673 309 2677 *ssss—*r
316 2676 361 2679 *a
369 2678 379 2679 ἶ
385 2673 426 2681 47

319 2701 346 2744 1)
371 2679 561 2740 Baehrius:
588 2706 625 2740 in
650 2706 780 2742 adnott.
807 2707 850 2741 ad
874 2707 909 2741 h.
937 2707 960 2742 1.

317 2759 346 2801 2)
371 2761 502 2798 Baehr:
529 2765 566 2798 in
591 2765 720 2800 adnott.
748 2764 860 2809 (edit.)
886 2766 930 2800 ad
955 2766 989 2800 h.
1015 2766 1038 2801 1.

316 2817 344 2861 3)
369 2818 553 2857 Matthiae:
580 2824 761 2859 Ausfiihrl.
788 2824 920 2869 griech.
948 2824 1163 2860 Grammatik
1188 2827 1208 2871 ξ
1232 2825 1312 2870 480,
1339 2827 1442 2861 Anni.
1468 2826 1500 2861 3.
