1978 3194
964 124 986 160 7

199 269 368 320 legimus
404 277 491 316 pro:
536 267 615 303 τῶν
652 257 766 317 ἡμεῖς
795 259 907 317 ἴδμεν
940 286 995 291 -
1027 258 1121 304 ὅσον
1151 258 1265 319 ἡμεῖς
1294 259 1409 318 ἴδμεν
1446 266 1487 302 et
1521 257 1607 304 κατ’
1647 258 1742 304 ὅσον

202 336 315 394 ἡμεῖς
344 334 407 390 ἰ’δμ
415 347 457 375 εν
487 346 574 384 pro:
613 332 717 372 κατὰ
746 337 862 374 τοῦτο
893 329 999 374 ὅσον.
1075 334 1226 374 Deinde
1264 334 1531 373 attractionem
1567 334 1743 373 adhibuit

199 408 416 448 Herodotus
436 405 478 441 in
498 404 586 441 aliis
607 404 798 441 eiusmodi
818 404 1124 454 locutionibusl),
1144 405 1270 443 velut:
1301 410 1380 443 τῶν
1412 399 1531 451 αὐτὸς
1550 401 1649 457 ᾔδεε
1673 427 1741 449 -,

200 484 276 518 τῶν
306 471 501 518 κατέλεξα
537 485 625 523 pro:
663 472 812 513 τοὺτων
845 472 941 528 ,τοὺς
973 498 1047 521 -,
1078 479 1156 514 τῶν
1188 470 1264 525 ἐγὼ
1297 471 1386 514 οἶδα
1417 497 1492 521 —‚
1523 478 1601 514 τῶν
1633 468 1743 528 ὑμεῖς

199 544 335 597 λέγετε
366 567 434 591 -,
466 547 545 582 τῶν
576 540 783 588 κατέλεξα.

315 616 399 653 Iam
436 626 528 652 vero
565 614 671 652 aliud
707 615 865 653 afferam
902 615 1137 664 exemplum,
1183 627 1259 664 quo
1296 615 1438 653 melius
1475 615 1742 653 attractionem

199 687 242 725 in
271 684 480 725 enuntiatis
510 683 684 722 relativis
713 683 922 722 admissam
952 695 1239 734 cognoscamus.
1300 684 1325 722 l.
1358 684 1387 722 Ι.
1420 684 1460 722 C.
1496 686 1548 723 29
1588 682 1655 722 καὶ
1690 681 1741 737 δὴ

198 756 267 796 καὶ
322 752 458 794 Σόλων
516 751 616 808 ἀνὴρ
670 750 901 808 Ἀθηναῖος,
953 754 996 802 ὃς
1042 751 1284 809 Ἀθηναίοισι
1335 757 1480 810 νόμους
1530 754 1743 794 κελεῦσασι

199 825 364 880 ποιήσας
402 819 635 880 ἀπεδήμησε
663 820 756 864 ἐ’τεα
788 822 900 874 δέκα,
938 824 1042 864 κατὰ
1079 822 1253 879 θεωρίης
1288 826 1482 880 πρόφασιν
1520 821 1741 872 έκπλώσας,

199 896 264 938 ἵνα
298 896 347 951 δὴ
384 898 439 950 μή
484 908 570 936 τινα
614 902 692 936 τῶν
737 899 869 951 νόμων
913 894 1151 950 ἀναγκασθῇ
1190 896 1306 936 λῦσαι
1341 902 1433 936 τῶν
1464 894 1624 935 ἔθετο.
1685 897 1743 934 Αο

199 968 322 1019 primo
352 967 513 1017 quidem
543 968 678 1006 obtutu
707 968 1011 1006 enuntiationem
1056 968 1275 1022 relativam:
1306 972 1383 1007 τῶν
1415 964 1536 1006 ἔθετο
1566 967 1741 1005 attributi

198 1039 281 1077 loco
317 1037 382 1076 ad:
427 1041 506 1077 τῶν
544 1038 675 1091 νόμων
721 1038 965 1076 referendam
1011 1049 1100 1076 esse
1147 1038 1258 1076 facile
1288 1038 1466 1086 intellegi
1494 1041 1638 1087 potest,
1669 1049 1742 1075 nec

198 1109 360 1146 fortasse
405 1107 612 1157 quisquam
656 1108 791 1146 verba:
842 1113 915 1146 τῶν
960 1105 1080 1146 ἔθετο
1120 1108 1233 1146 aliter
1272 1120 1317 1146 ac
1356 1120 1442 1157 per:
1488 1107 1579 1155 τοὺς
1621 1104 1741 1146 ἔθετο

199 1177 427 1228 explicanda
474 1189 561 1216 esse
606 1178 806 1227 putaverit.
900 1177 1102 1215 Eiusmodi
1151 1182 1281 1216 autem
1332 1178 1530 1219 enuntiata
1581 1177 1742 1215 relativa

198 1250 366 1295 attracta,
383 1259 482 1297 quae
497 1248 546 1285 ad
560 1247 756 1286 notionem
770 1248 941 1297 aliquam
955 1248 1173 1286 accuratius
1189 1248 1522 1286 determinandam
1536 1247 1741 1295 adduntur,

200 1330 288 1356 cum
318 1330 472 1368 semper
492 1318 573 1356 fere
603 1318 645 1355 in
676 1321 908 1356 structuram
937 1318 1217 1368 participialem
1246 1318 1390 1356 mutari
1419 1318 1580 1368 possint,
1612 1321 1652 1355 et
1670 1317 1743 1355 hoc

198 1390 280 1427 loco
323 1388 638 1438 Bernliardyus2)
684 1389 992 1427 enuntiationem
1035 1390 1113 1428 τών
1153 1385 1274 1428 ἔθετο
1319 1389 1426 1427 idem
1470 1389 1601 1427 valere
1639 1388 1742 1438 quod

199 1464 276 1499 τῶν
306 1456 505 1499 τεθέντων
535 1462 641 1498 recte
671 1459 831 1498 monuit.
895 1459 972 1498 Sed
992 1460 1064 1498 hoc
1084 1459 1332 1510 participium
1364 1459 1542 1510 quamvis
1573 1459 1741 1497 scribere

198 1530 365 1579 potuerit
393 1530 623 1577 Herodotus,
644 1522 774 1567 tamen
789 1530 878 1579 plus
893 1530 1038 1578 vigoris
1054 1530 1157 1567 inest
1179 1530 1222 1567 in
1244 1531 1441 1568 enuntiato
1463 1531 1642 1568 relativo:
1663 1534 1741 1568 τῶν

199 1596 331 1647 ἔθετο,
352 1602 622 1650 praeterquam
645 1600 747 1650 quod
776 1612 908 1639 rerum
936 1612 1107 1639 conexus
1137 1600 1258 1639 multo
1280 1600 1433 1639 brevior
1454 1601 1498 1639 fit
1521 1599 1740 1639 scribendo:

199 1674 277 1709 τῶν
308 1667 449 1716 ἔθετο,
489 1682 605 1719 quam
636 1673 827 1708 structura
856 1670 1104 1720 participiali:
1144 1675 1221 1709 τῶν
1254 1665 1315 1708 ὑπ’
1347 1667 1496 1709 ἑωυτοῦ
1528 1668 1740 1709 τεθέντων.

316 1740 443 1779 Simili
479 1740 592 1779 modo
636 1740 809 1779 attractio
846 1741 1047 1779 statuenda
1084 1744 1145 1779 est
1179 1741 1221 1778 in
1257 1741 1282 1778 l.
1313 1741 1374 1779 HI
1410 1741 1450 1779 C.
1486 1743 1566 1780 105
1598 1739 1668 1785 τὰς
1698 1737 1740 1778 δὲ

198 1807 354 1864 θηλέας
394 1806 784 1865 ἀναμιμνησκομένας
821 1816 896 1850 τῶν
934 1808 1064 1850 ἔλιπον
1096 1812 1260 1857 τέκνων,
1292 1812 1358 1849 ubi
1389 1812 1556 1849 scribere
1586 1823 1740 1861 quoque

198 1885 347 1931 poterat
375 1882 613 1921 Herodotus:
645 1886 718 1921 τῶν
748 1880 987 1936 λειφθέντων
1016 1882 1167 1921 τέκνων.

316 1952 365 1990 Ι11
394 1953 621 1991 universum
650 1956 781 1990 autem
811 1963 946 1990 omnes
975 1952 1057 1990 fere
1078 1953 1283 2001 scriptores
1305 1953 1433 2001 graeci
1453 1953 1525 1990 hac
1544 1953 1632 2001 lege
1653 1963 1740 1990 sese

197 2023 510 2071 adstrinxerunt,
556 2027 600 2061 ut
643 2023 871 2072 participiali
916 2034 990 2060 usu
1034 2023 1212 2072 neglecto
1250 2024 1493 2061 enuntiatum
1535 2023 1740 2061 relativum

199 2093 444 2142 exhiberent,
490 2094 525 2131 si
569 2106 685 2144 quam
722 2094 917 2131 notionem
954 2093 1137 2131 eximiam
1173 2094 1320 2131 nomini
1351 2093 1539 2132 enuntiati
1567 2093 1742 2143 primarii

198 2163 338 2203 addere
368 2165 557 2213 volebant,
587 2164 627 2201 id
657 2164 759 2214 quod
786 2164 921 2201 multis
941 2165 1208 2214 comprobatm·
1228 2164 1430 2213 exemplis,
1461 2176 1626 2214 quorum
1645 2175 1739 2201 non-

197 2233 305 2272 nulla
342 2235 538 2284 congessit
566 2234 838 2285 Kuehnerus3)
874 2234 983 2272 velut
1013 2234 1184 2282 Thucyd.
1215 2234 1240 2272 1.
1271 2234 1350 2272 VII
1382 2234 1422 2272 O.
1450 2237 1501 2273 21
1536 2230 1641 2284 ἄγων
1662 2229 1739 2272 ἀπὸ

198 2308 273 2344 τῶν
319 2303 470 2345 πόλεων
517 2302 570 2344 ὧν
606 2302 735 2344 ἔπεισε
773 2306 970 2358 στρατιάν,
1007 2305 1075 2343 ubi
1112 2305 1324 2344 enuntiatio
1360 2306 1519 2344 relativa
1556 2305 1739 2343 facillime

198 2378 339 2416 mutari
368 2380 496 2429 potest
523 2391 613 2418 cum
641 2378 857 2429 participio:
888 2376 1133 2417 πεισθεισῶν.
1472 2423 1483 2428 ‚

313 2448 465 2487 Deinde
501 2461 578 2487 non
615 2452 676 2486 est
704 2448 1070 2497 praetermittendus
1099 2448 1224 2495 locus,
1255 2448 1321 2485 ubi
1352 2460 1402 2485 ex
1432 2448 1560 2497 aliqua
1590 2451 1740 2485 tantum

197 2521 305 2565 parte
335 2518 552 2558 Herodotus
582 2518 847 2557 attractionem
876 2517 1044 2566 admisit,
1073 2517 1099 2556 1.
1130 2517 1188 2556 IV
1219 2517 1259 2556 C.
1284 2520 1307 2558 9
1341 2515 1385 2563 ὃς
1415 2515 1448 2556 δ’
1480 2513 1526 2557 ἂν
1557 2516 1740 2557 τούτων

293 2631 321 2674 1)
361 2632 390 2666 Ι.
414 2632 471 2677 45,
497 2633 562 2668 ΠἹ.
590 2633 670 2677 101,
696 2632 737 2667 V.
764 2631 820 2676 49,
847 2632 909 2666 VI.
935 2631 1014 2677 663,
1041 2632 1121 2667 VH.
1147 2632 1199 2678 8γ.

295 2689 324 2731 ²)
361 2690 587 2736 Bemhardy:
614 2691 897 2726 Wissenschaftl.
924 2690 1060 2736 Syntax
1084 2703 1117 2735 p.
1143 2691 1222 2726 301.

292 2745 323 2798 3)
359 2747 544 2784 Kuehner:
582 2749 765 2796 Ausfiihrl.
792 2749 1008 2784 Grammatik
1039 2750 1100 2784 der
1124 2749 1255 2794 griech.
1282 2748 1445 2793 Sprache.
1489 2748 1527 2783 H
1557 2750 1576 2794 ξ
1608 2748 1684 2783 787.
1717 2748 1739 2782 2

198 2804 296 2847 (edit.
321 2805 353 2849 1)
378 2809 398 2852 ξ
422 2808 501 2844 555.
528 2809 550 2843 2
575 2809 673 2854 (edit.
699 2809 761 2853 H).
