1978 3194
983 140 1036 175 10

346 278 547 330 Exempla,
579 290 678 329 quae
708 278 821 317 modo
841 279 965 328 attuli,
995 279 1049 318 ita
1069 282 1285 330 comparata
1306 281 1407 328 sunt,
1437 281 1481 317 ut
1500 278 1623 329 primo
1644 278 1783 316 obtutu>

228 349 404 387 attractio
442 350 633 388 enuntiati
669 350 822 388 relativi
866 350 1072 400 perspicua
1108 350 1167 387 sit.
1224 349 1258 387 Ε
1295 350 1425 388 verbis
1461 350 1487 387 1.
1518 349 1566 387 V.
1599 348 1640 387 G.
1676 351 1780 388 106:-

231 418 300 459 καὶ
332 414 476 468 Ἴωνας
515 419 585 460 σὺν
632 414 782 460 αὐτοῖσι
820 419 911 470 τοὺς
957 419 1159 468 δώσοντας
1197 415 1285 475 ἐμοὶ
1322 416 1434 475 δίκην
1472 424 1550 460 τῶν
1589 414 1788 473 ἐποίησαν

228 489 448 529 luculenter
492 494 668 541 apparet,
715 491 1022 531 enuntiationem
1059 490 1260 530 relativam
1297 493 1514 542 attractam,
1552 501 1651 540 quae
1689 489 1777 527 sub-

230 561 387 598 stantivi
423 561 509 599 loco
544 562 667 611 posita
699 562 767 609 sit,
805 563 976 612 pendere
1007 575 1058 600 ex
1086 574 1199 600 voce:
1239 559 1370 615 δίκην,
1411 561 1661 611 quamobrem
1689 572 1776 610 pro:

228 634 307 670 τῶν
338 626 527 685 ἐποίησαν
560 655 615 659 —
646 632 670 669 i.
693 644 725 670 e.
748 631 898 672 τοὺτων
928 632 979 672 τὰ
1008 629 1063 683 (ἃ)
1094 627 1282 686 ἐποίησαν
1305 632 1473 671 scribere
1494 642 1647 681 quoque
1666 629 1779 668 licuit

227 701 440 740 Herodoto:
487 707 565 742 τῶν
602 700 868 756 ποιηθέντων,
909 704 1009 742 sive:
1047 708 1126 742 τῶν
1156 704 1404 758 ποιημάτων,
1442 699 1578 755 ἔργων.
1640 701 1778 740 Graeci

228 776 359 812 autem
391 774 596 824 scriptores
627 785 716 812 cum
746 774 864 812 talem
894 774 1084 825 participii
1115 774 1180 813 vel
1211 774 1441 813 substantivi
1469 784 1604 821 usum,
1635 772 1777 822 quippe

229 844 297 893 qui
343 844 498 894 saepius
546 856 705 882 sensum
741 845 872 882 minus
910 845 1124 882 dilucidum
1161 848 1201 883 et
1237 856 1395 894 gravem
1429 844 1574 891 reddat,
1604 843 1776 892 recipere

228 914 436 963 noluerint,
459 915 683 963 generalem
706 915 876 965 aliquam
899 914 1096 954 notionem
1113 938 1168 943 —
1184 918 1229 954 ut
1243 915 1431 954 hocloco:
1454 918 1532 953 τῶν
1548 912 1776 967 ποιημάτων

229 1007 283 1011 -
293 985 492 1023 emmtiato
507 985 666 1023 relativo
674 997 744 1035 per
751 986 1017 1023 attractionem
1033 997 1123 1023 cum
1138 986 1382 1024 antecedenti
1396 984 1553 1023 nomine
1568 983 1772 1021 coniuncto

229 1056 448 1105 exprimere
495 1057 629 1095 solent.
678 1080 732 1083 —
777 1056 915 1106 Itaque
952 1057 1052 1095 illud
1089 1060 1194 1095 certe
1233 1060 1400 1104 constat,
1436 1056 1478 1094 in
1514 1056 1619 1093 1111110
1647 1054 1777 1092 10011111

226 1126 464 1164 attractionis
494 1127 605 1176 leges
636 1138 728 1165 sane
760 1127 959 1177 quadrare.

345 1197 496 1235 Deinde
527 1199 666 1235 afferre
695 1198 812 1235 liceat
841 1199 961 1236 alium
991 1199 1120 1236 locum
1149 1199 1174 1236 l.
1206 1198 1263 1235 IX
1295 1198 1335 1236 C.
1369 1200 1442 1236 58:
1474 1193 1579 1235 ἀλλὰ
1599 1195 1776 1235 διωκτέοι

228 1262 304 1305 εἶσὶ
335 1262 375 1313 ἐς
406 1264 427 1305 ὃ
459 1264 817 1321 καταλαμφθέντες
848 1265 1021 1306 δώσουσι
1051 1264 1143 1321 ἡμῖν
1164 1273 1241 1306 των
1264 1265 1313 1320 δὴ
1335 1263 1523 1320 ἐποίησαν
1548 1289 1600 1293 -
1621 1266 1775 1304 πάντων

228 1333 359 1383 δίκας,
406 1337 548 1386 quippe
594 1337 662 1387 qui
700 1338 784 1376 sine
822 1338 938 1375 dubio
976 1338 1024 1376 ad
1062 1338 1134 1376 hoc
1170 1337 1406 1375 attractionis
1444 1349 1570 1386 genus
1601 1339 1776 1386 spectare

226 1407 415 1455 videatur,
447 1408 623 1457 quamvis
643 1419 779 1446 revera
799 1408 859 1445 illi
881 1420 958 1445 non
981 1408 1192 1446 conveniat.
1242 1408 1467 1446 Enuntiatio
1490 1408 1595 1446 enim
1614 1406 1775 1445 relativa

227 1480 404 1515 attracta:
450 1482 528 1516 τῶν
567 1475 617 1530 δὴ
657 1473 846 1531 ἐποίησαν
877 1490 954 1516 11011
985 1482 1063 1516 tam
1101 1490 1290 1527 suspensa
1320 1481 1380 1516 est
1410 1490 1432 1516 e
1462 1478 1620 1516 nomine
1651 1474 1773 1523 δίκας,

228 1559 344 1596 (1110111
375 1559 396 1585 0
426 1547 654 1597 pronomine
691 1547 911 1586 indefinito:
950 1548 1125 1594 πάντων,
1165 1560 1283 1597 quare
1321 1548 1384 1585 1110
1418 1548 1525 1586 locus
1555 1546 1777 1585 attributivo

228 1618 362 1666 generi
393 1618 701 1655 enuntiationum
732 1618 981 1656 relativarum
1010 1620 1258 1657 attiactarum
1288 1619 1556 1657 attribuendus
1587 1621 1657 1657 est.

344 1687 510 1736 Reliqua
540 1687 658 1725 huius
686 1688 923 1725 attractionis
952 1688 1131 1737 exempla
1152 1688 1307 1726 silentio
1327 1688 1666 1737 praetermittenda
1687 1698 1775 1734 esse

228 1756 336 1805 duco,
375 1756 464 1806 quia
503 1757 658 1795 omnino
698 1757 840 1795 similia
879 1762 970 1796 sunt
1006 1758 1089 1796 loco
1124 1758 1261 1807 priori,
1300 1758 1348 1796 de
1378 1740 1455 1808 quo
1485 1758 1661 1809 pluribus
1692 1756 1773 1806 egi;

229 1827 478 1875 quamobrem
508 1839 613 1864 nunc
642 1828 871 1864 accedamus
892 1828 941 1864 ad
961 1828 1244 1865 enuntiationes
1264 1828 1445 1866 relativas
1465 1832 1655 1875 attractas,
1677 1838 1776 1876 quae

227 1896 399 1948 pendent
435 1908 457 1935 e
493 1896 719 1947 pronomine
758 1891 885 1937 οὒδέν.
946 1897 1101 1937 Primus
1137 1901 1268 1937 autem
1297 1898 1422 1947 locus,
1458 1906 1576 1950 quem
1604 1898 1774 1946 afferam,

227 1967 427 2005 invenitur
447 1967 489 2003 in
509 1967 533 2004 1.
555 1968 575 2004 Ι
597 1967 638 2004 C.
663 1970 715 2006 78
739 1963 993 2020 Τελμησσέες
1015 1969 1085 2021 μὲν
1106 1973 1174 2007 νῦν
1190 1973 1315 2007 ταῦτα
1336 1964 1589 2021 ὑπεκρίναντο
1610 1965 1774 2021 Κροίσῳ

227 2033 306 2091 ἤδη
327 2031 514 2091 ἡλωκότι,
547 2031 689 2076 οὐδέν
720 2048 779 2076 κω
810 2033 957 2085 εἰδότες
994 2043 1084 2078 τῶν
1115 2034 1164 2093 ἧν
1195 2037 1282 2092 περὶ
1312 2035 1454 2092 Σάρδις
1484 2050 1528 2079 τε
1555 2037 1623 2078 καὶ
1653 2032 1773 2077 αὐτὸν

227 2103 415 2159 Κροῖσον,
446 2107 513 2144 ubi
544 2107 757 2144 emmtiatio
788 2103 967 2145 relativa:
998 2113 1076 2147 τῶν
1106 2104 1155 2162 ἦν
1189 2132 1243 2136 -
1274 2121 1359 2159 pro:
1390 2109 1540 2148 τοὺτων
1568 2108 1619 2148 τὰ
1643 2105 1693 2162 ἧν
1716 2129 1771 2134 —

227 2190 249 2216 0
279 2177 507 2227 pronomine
539 2172 654 2216 οὐδὲν
685 2177 838 2227 pendet.
889 2177 1068 2216 Formula
1088 2182 1234 2217 autom:
1257 2174 1371 2219 οὐδὲν
1392 2184 1470 2219 τῶν
1492 2176 1576 2230 (ὧν)
1598 2177 1776 2229 quamvis

225 2259 303 2286 non
335 2248 461 2286 solum
491 2247 593 2297 apud
623 2247 873 2296 Herodotum,
906 2248 974 2287 sed
1005 2249 1121 2287 etiam
1140 2250 1240 2300 apud
1267 2250 1363 2288 alios
1392 2250 1599 2301 scriptores
1620 2248 1774 2299 saepius

225 2321 455 2368 inveniatur,
487 2324 619 2358 tamen
648 2320 713 2357 hic
742 2320 852 2357 locus
882 2321 1006 2367 habet,
1038 2322 1140 2370 quod
1171 2334 1261 2359 eum
1292 2322 1360 2371 qui
1387 2322 1652 2359 attractionem
1673 2320 1774 2357 eius-

226 2404 302 2442 que
333 2391 374 2429 111
404 2403 542 2441 graeca
571 2390 708 2440 lingua
738 2402 854 2429 usum
885 2390 978 2429 satis
1008 2392 1260 2442 perspexerit,
1290 2392 1403 2431 facile
1426 2391 1621 2431 offendere
1641 2389 1774 2441 possit.

224 2462 325 2500 Nam
363 2463 466 2511 quod
503 2463 552 2499 ad
590 2462 774 2512 optimam
814 2461 971 2510 quidem
1008 2463 1138 2510 graeci
1169 2464 1358 2501 sermonis
1388 2464 1598 2501 dictionem
1627 2461 1777 2507 attinet,
1814 2476 1817 2480 ·

224 2534 297 2573 hae
342 2533 581 2572 attractionis
626 2533 737 2583 leges
784 2532 972 2571 stabilitae
1017 2537 1125 2583 sunt,
1170 2538 1215 2573 ut
1258 2534 1498 2574 accusativus
1536 2530 1774 2584 pronominis

224 2604 378 2643 relativi
412 2616 434 2641 a
465 2604 647 2652 genetivo
677 2604 742 2642 vel
780 2604 908 2641 dativo
946 2606 1210 2644 antecedentis
1247 2606 1415 2643 nominis
1452 2605 1518 2643 vel
1536 2601 1775 2654 pronominis

224 2675 515 2714 demonstrativi
531 2675 745 2714 attrahatur
759 2675 891 2726 itaque
907 2676 1132 2725 genetivum
1139 2677 1205 2716 vel
1220 2677 1392 2715 dativum
1408 2677 1552 2715 induat.
1574 2672 1775 2723 Ρο1·1·01·01)

367 2776 396 2819 1)
421 2777 463 2811 R.
489 2752 673 2813 Kuehner:
699 2777 883 2812 Ausfiihrl.
899 2777 1111 2813 Grammatik
1136 2779 1182 2813 H.
1210 2781 1229 2825 ἓ
1255 2779 1333 2814 787.
1359 2779 1391 2813 2.
1418 2777 1582 2812 Anmerk.
1608 2776 1632 2810 4
1656 2774 1724 2822 (ed.
1738 2773 1772 2816 Ι)

222 2837 260 2871 H
285 2839 304 2881 ξ
329 2836 408 2872 555.
435 2837 467 2871 2.
493 2837 660 2871 Anmerk.
686 2837 710 2871 4
736 2838 803 2883 (ed.
830 2836 891 2880 H).
