1978 3194
689 967 1259 1030 PROOEMIUM.

320 1157 440 1229 Inter
469 1201 603 1227 omnes
625 1201 788 1238 quorum
819 1201 933 1238 opera
953 1192 1118 1227 aetatem
1146 1189 1319 1227 tulerunt
1347 1189 1553 1238 scriptores
1584 1201 1742 1238 graecos

204 1260 319 1299 etiam
349 1263 464 1310 atque
495 1260 612 1297 etiam
641 1260 858 1298 Herodotus
889 1263 928 1297 et
966 1258 1138 1297 studium
1174 1270 1304 1297 meum
1344 1262 1383 1297 et
1411 1259 1586 1297 animum
1615 1259 1670 1297 ita
1699 1259 1743 1297 in

204 1342 246 1369 se
266 1330 464 1378 convertit,
494 1333 538 1368 ut
559 1342 754 1368 summmn
773 1330 942 1380 profecto
962 1330 1131 1367 fructum
1151 1341 1202 1367 ex
1232 1330 1385 1381 scriptis
1416 1330 1501 1367 eius
1521 1330 1741 1379 percepisse

201 1400 298 1438 mihi
326 1401 469 1439 videar.
529 1400 700 1439 Maxime
729 1404 859 1440 autem
888 1401 1004 1438 rebus
1034 1400 1309 1449 grammaticis,
1340 1412 1439 1450 quae
1468 1400 1615 1449 legenti
1644 1400 1742 1438 mihi

201 1471 384 1509 Herodoti
415 1471 533 1509 libros
563 1471 924 1510 commemoratione
954 1471 1095 1520 dignae
1125 1482 1214 1509 esse
1243 1470 1478 1518 viderentur,
1517 1482 1672 1520 operam
1703 1474 1742 1508 et

202 1541 443 1590 diligentiam
480 1541 725 1579 tribuendam
762 1552 849 1579 esse
886 1541 990 1578 haud
1027 1541 1212 1589 ignoravi.
1274 1540 1458 1587 Quamvis
1496 1541 1601 1577 enim
1639 1540 1742 1590 quod

201 1611 249 1649 ad
280 1612 526 1662 explicandas
556 1624 620 1651 res
650 1612 697 1651 ab
716 1598 909 1651 Herodoto
939 1615 1111 1650 narratas
1141 1614 1180 1650 et
1209 1611 1258 1649 ad
1287 1610 1596 1660 investigandam
1625 1623 1740 1661 pecu-

200 1682 336 1720 liarem
366 1683 574 1721 dialectum
596 1683 745 1730 attinet,
775 1682 989 1732 permultae
1010 1682 1255 1732 quaestiones
1284 1694 1307 1719 a
1326 1682 1421 1719 viris
1441 1682 1566 1719 doctis
1585 1685 1741 1720 nostrae

199 1752 391 1802 imprimis
428 1754 564 1792 aetatis
599 1754 798 1791 institutae
837 1753 924 1801 sint,
944 1752 961 1781 l
983 1752 1001 1781 2
1022 1746 1080 1803 3),’
1107 1756 1236 1791 tamen
1273 1752 1322 1790 de
1361 1752 1550 1801 singulari
1579 1756 1619 1791 et
1653 1765 1738 1803 pro-

200 1823 282 1872 prio
312 1823 428 1860 huius
460 1824 656 1873 scriptoris
687 1823 840 1862 dicendi
870 1835 1012 1872 genere
1042 1834 1232 1873 perpauca
1260 1822 1386 1860 adhuc
1424 1823 1567 1873 scripta
1596 1826 1738 1860 extant.

201 1891 306 1939 Quae
335 1894 520 1932 nimirum
541 1906 656 1932 causa
685 1894 768 1941 fuit,
800 1906 899 1943 quae
929 1906 992 1931 me
1023 1893 1222 1943 permovit,
1253 1896 1296 1931 ut
1326 1893 1375 1931 de
1397 1893 1634 1931 attractionis
1664 1905 1739 1931 usu

201 1963 326 2012 qualis
362 1963 481 2001 fuerit
515 1964 617 2014 apud
653 1964 891 2002 Herodotum
931 1975 1117 2014 quaerere
1154 1963 1367 2013 inciperem
1403 1963 1478 2001 etsi
1516 1963 1611 2013 quid
1648 1964 1741 2001 novi

199 2032 242 2069 in
270 2033 398 2072 lucem
427 2035 635 2083 protulisse
665 2035 763 2072 mihi
792 2034 955 2083 contigit
984 2034 1128 2072 litteris
1159 2034 1438 2082 consignarem.
1476 2033 1740 2072 Nihilominus

199 2104 348 2140 tantum
377 2104 496 2149 abest,
527 2108 571 2142 ut
599 2116 684 2142 rem
713 2104 946 2154 propositam
983 2103 1161 2141 omnibus
1198 2103 1373 2141 numeris
1409 2104 1624 2141 absolutam
1653 2103 1740 2142 red-

200 2173 292 2212 dere
307 2187 370 2213 me
387 2187 501 2225 posse
527 2188 690 2225 sperem,
721 2179 764 2214 ut
781 2199 835 2203 -—
853 2188 942 2214 cum
972 2175 1208 2214 attractionis
1237 2176 1337 2214 fines
1367 2176 1409 2212 in
1438 2176 1572 2224 lingua
1602 2188 1740 2224 graeca

198 2243 386 2283 latissime
416 2248 570 2295 pateant
591 2258 837 2296 magnasque
867 2245 1115 2284 difficultates
1146 2257 1237 2295 prae
1268 2257 1310 2283 se
1341 2245 1467 2284 ferant
1499 2268 1553 2274 —-
1586 2246 1634 2285 de
1659 2246 1738 2284 sin-

198 2315 302 2363 gulis
331 2319 481 2354 tantum
509 2318 617 2366 locis,
647 2318 715 2356 ubi
744 2318 792 2356 ad
812 2318 1004 2356 Herodoto
1033 2317 1207 2355 attractio
1236 2320 1302 2355 aut
1321 2317 1491 2355 adhibita
1511 2321 1577 2355 aut
1596 2318 1739 2356 omissa

199 2387 269 2432 est,
299 2385 397 2424 hanc
427 2388 788 2426 commentationem
818 2388 1029 2426 instituam.

315 2454 397 2503 Qua
426 2457 468 2495 in
497 2470 541 2497 re
572 2459 826 2497 examinanda
855 2458 953 2496 illud
989 2458 1159 2497 maxime
1196 2457 1408 2496 tenendum
1444 2461 1514 2506 est,
1550 2459 1738 2509 antiquis-

199 2524 317 2563 simos
348 2527 553 2577 scriptores
583 2530 737 2568 dicendi
767 2529 914 2568 ratione
944 2529 1151 2567 admodum
1184 2528 1350 2578 simplici
1388 2541 1461 2567 nec
1497 2541 1576 2567 non
1607 2541 1737 2579 saepe-

340 2662 367 2705 1)
394 2665 435 2699 of.
462 2665 531 2700 Iac.
557 2667 618 2702 Th.
645 2667 827 2703 Struvius:
855 2668 1102 2712 quaestionum
1127 2667 1169 2702 de
1197 2664 1347 2702 dialecto
1371 2666 1542 2702 Herodoti
1567 2677 1662 2711 spec.
1682 2667 1738 2702 ΠΙ

195 2718 235 2752 in
259 2730 336 2764 opp.
363 2722 424 2756 sel.
450 2724 519 2758 vol.
545 2725 591 2759 H.
618 2726 759 2770 Lipsiae
784 2726 886 2760 1824.

337 2779 366 2821 2)
392 2780 489 2816 Ferd.
516 2783 543 2817 I.
571 2784 667 2819 Caes.
694 2785 907 2820 Bredovius:
935 2786 977 2820 de
1003 2785 1153 2820 dialecto
1178 2784 1384 2828 Herodotea.
1410 2784 1554 2828 Lipsiae
1581 2784 1681 2819 1826.

337 2837 366 2881 3)
392 2838 430 2873 G.
456 2840 660 2878 Dindorfius
685 2846 721 2878 et
744 2844 935 2879 Abichtius
960 2844 999 2878 in
1023 2845 1106 2879 edit.

1527 2909 1546 2941 1
