<?xml version="1.0" encoding="UTF-8"?>
<!DOCTYPE html PUBLIC "-//W3C//DTD XHTML 1.0 Transitional//EN"
    "http://www.w3.org/TR/xhtml1/DTD/xhtml1-transitional.dtd">
<html xmlns="http://www.w3.org/1999/xhtml" xml:lang="en" lang="en">
 <head>
  <title>
</title>
<meta http-equiv="Content-Type" content="text/html;charset=utf-8" />
  <meta name='ocr-system' content='tesseract 3.04.00' />
  <meta name='ocr-capabilities' content='ocr_page ocr_carea ocr_par ocr_line ocrx_word'/>
</head>
<body>
  <div class='ocr_page' id='page_1' title='image "./4625149_0038.png"; bbox 0 0 1978 3194; ppageno 0'>
   <div class='ocr_carea' id='block_1_1' title="bbox 187 157 1752 2665">
    <p class='ocr_par' dir='ltr' id='par_1_1' title="bbox 961 157 1015 194">
     <span class='ocr_line' id='line_1_1' title="bbox 961 157 1015 194; baseline 0 0"><span class='ocrx_word' id='word_1_1' title='bbox 961 157 1015 194; x_wconf 87' lang='lat'>30</span> 
     </span>
    </p>

    <p class='ocr_par' dir='ltr' id='par_1_2' title="bbox 211 290 1751 417">
     <span class='ocr_line' id='line_1_2' title="bbox 326 290 1751 349; baseline 0.004 -19"><span class='ocrx_word' id='word_1_2' title='bbox 326 293 352 333; x_wconf 93' lang='grc'>1.</span> <span class='ocrx_word' id='word_1_3' title='bbox 383 294 413 332; x_wconf 94' lang='grc' dir='ltr'>Ι.</span> <span class='ocrx_word' id='word_1_4' title='bbox 446 294 486 333; x_wconf 83' lang='lat' dir='ltr'>G.</span> <span class='ocrx_word' id='word_1_5' title='bbox 523 297 625 334; x_wconf 85' lang='lat'>186:</span> <span class='ocrx_word' id='word_1_6' title='bbox 674 291 899 348; x_wconf 78' lang='grc' dir='ltr'>ἐκτρέψασα</span> <span class='ocrx_word' id='word_1_7' title='bbox 936 299 1006 334; x_wconf 85' lang='grc' dir='ltr'>τοῦ</span> <span class='ocrx_word' id='word_1_8' title='bbox 1045 299 1226 349; x_wconf 83' lang='grc' dir='ltr'>ποταμοῦ</span> <span class='ocrx_word' id='word_1_9' title='bbox 1256 294 1301 334; x_wconf 90' lang='grc' dir='ltr'>τὸ</span> <span class='ocrx_word' id='word_1_10' title='bbox 1343 290 1508 348; x_wconf 79' lang='grc' dir='ltr'>ῥέεθρον</span> <span class='ocrx_word' id='word_1_11' title='bbox 1536 298 1616 334; x_wconf 88' lang='grc' dir='ltr'>πᾶν</span> <span class='ocrx_word' id='word_1_12' title='bbox 1647 292 1751 341; x_wconf 84' lang='grc' dir='ltr'>ἐςτὸ</span> 
     </span>
     <span class='ocr_line' id='line_1_3' title="bbox 211 360 587 417; baseline 0.008 -16"><span class='ocrx_word' id='word_1_13' title='bbox 211 360 366 415; x_wconf 79' lang='grc' dir='ltr'>ὤρυσσε</span> <span class='ocrx_word' id='word_1_14' title='bbox 396 362 587 417; x_wconf 80' lang='grc' dir='ltr'>χωρίον·</span> 
     </span>
    </p>

    <p class='ocr_par' dir='ltr' id='par_1_3' title="bbox 208 431 1750 561">
     <span class='ocr_line' id='line_1_4' title="bbox 325 431 1750 490; baseline 0.002 -19"><span class='ocrx_word' id='word_1_15' title='bbox 325 434 351 471; x_wconf 93' lang='grc'>1.</span> <span class='ocrx_word' id='word_1_16' title='bbox 382 434 432 472; x_wconf 91' lang='grc' dir='ltr'>ΙΙ.</span> <span class='ocrx_word' id='word_1_17' title='bbox 466 435 505 473; x_wconf 84' lang='lat' dir='ltr'>O.</span> <span class='ocrx_word' id='word_1_18' title='bbox 542 437 644 474; x_wconf 84' lang='lat'>172:</span> <span class='ocrx_word' id='word_1_19' title='bbox 677 432 723 474; x_wconf 82' lang='grc' dir='ltr'>ἐκ</span> <span class='ocrx_word' id='word_1_20' title='bbox 743 439 830 490; x_wconf 84' lang='grc' dir='ltr'>τῆς</span> <span class='ocrx_word' id='word_1_21' title='bbox 859 434 903 474; x_wconf 86' lang='grc' dir='ltr'>δὲ</span> <span class='ocrx_word' id='word_1_22' title='bbox 940 431 988 490; x_wconf 87' lang='grc' dir='ltr'>ἧν</span> <span class='ocrx_word' id='word_1_23' title='bbox 1024 433 1216 483; x_wconf 86' lang='grc' dir='ltr'>πόλιος,</span> <span class='ocrx_word' id='word_1_24' title='bbox 1255 431 1405 490; x_wconf 72' lang='grc' dir='ltr'>οὔνομα</span> <span class='ocrx_word' id='word_1_25' title='bbox 1435 431 1473 475; x_wconf 84' lang='grc' dir='ltr'>οἱ</span> <span class='ocrx_word' id='word_1_26' title='bbox 1502 433 1585 475; x_wconf 85' lang='grc' dir='ltr'>ἐστὶ</span> <span class='ocrx_word' id='word_1_27' title='bbox 1614 431 1750 490; x_wconf 79' lang='grc' dir='ltr'>Σιουιρ,</span> 
     </span>
     <span class='ocr_line' id='line_1_5' title="bbox 208 502 883 561; baseline 0.006 -19"><span class='ocrx_word' id='word_1_28' title='bbox 208 517 295 554; x_wconf 88' lang='lat' dir='ltr'>pro:</span> <span class='ocrx_word' id='word_1_29' title='bbox 327 509 377 558; x_wconf 80' lang='grc' dir='ltr'>τῇ</span> <span class='ocrx_word' id='word_1_30' title='bbox 411 503 455 544; x_wconf 86' lang='grc' dir='ltr'>δὲ</span> <span class='ocrx_word' id='word_1_31' title='bbox 485 503 613 553; x_wconf 86' lang='grc' dir='ltr'>πόλει,</span> <span class='ocrx_word' id='word_1_32' title='bbox 644 503 691 545; x_wconf 84' lang='grc' dir='ltr'>ἐκ</span> <span class='ocrx_word' id='word_1_33' title='bbox 719 511 793 561; x_wconf 80' lang='grc' dir='ltr'>τῆς</span> <span class='ocrx_word' id='word_1_34' title='bbox 821 502 883 560; x_wconf 85' lang='grc' dir='ltr'>ἧν·</span> 
     </span>
    </p>

    <p class='ocr_par' dir='ltr' id='par_1_4' title="bbox 324 571 1748 630">
     <span class='ocr_line' id='line_1_6' title="bbox 324 571 1748 630; baseline 0.003 -18"><span class='ocrx_word' id='word_1_35' title='bbox 324 574 349 612; x_wconf 94' lang='grc'>1.</span> <span class='ocrx_word' id='word_1_36' title='bbox 381 575 448 613; x_wconf 79' lang='lat' dir='ltr'>IV.</span> <span class='ocrx_word' id='word_1_37' title='bbox 482 575 523 614; x_wconf 87' lang='lat' dir='ltr'>C.</span> <span class='ocrx_word' id='word_1_38' title='bbox 546 578 621 616; x_wconf 89' lang='lat'>43:</span> <span class='ocrx_word' id='word_1_39' title='bbox 655 571 739 615; x_wconf 73' lang='grc' dir='ltr'>οὐδ’</span> <span class='ocrx_word' id='word_1_40' title='bbox 767 573 980 615; x_wconf 77' lang='grc' dir='ltr'>ἐπετέλεσε</span> <span class='ocrx_word' id='word_1_41' title='bbox 1002 575 1084 615; x_wconf 88' lang='grc' dir='ltr'>τὸν</span> <span class='ocrx_word' id='word_1_42' title='bbox 1105 572 1271 620; x_wconf 78' lang='grc' dir='ltr'>ἐπέταξε</span> <span class='ocrx_word' id='word_1_43' title='bbox 1293 572 1330 615; x_wconf 89' lang='grc' dir='ltr'>οἱ</span> <span class='ocrx_word' id='word_1_44' title='bbox 1349 571 1375 630; x_wconf 87' lang='grc' dir='ltr'>ἡ</span> <span class='ocrx_word' id='word_1_45' title='bbox 1397 573 1527 630; x_wconf 89' lang='grc' dir='ltr'>μήτηρ</span> <span class='ocrx_word' id='word_1_46' title='bbox 1553 572 1748 616; x_wconf 76' lang='grc' dir='ltr'>ἄεθλον·</span> 
     </span>
    </p>

    <p class='ocr_par' dir='ltr' id='par_1_5' title="bbox 323 642 1660 698">
     <span class='ocr_line' id='line_1_7' title="bbox 323 642 1660 698; baseline 0.002 -16"><span class='ocrx_word' id='word_1_47' title='bbox 323 645 348 682; x_wconf 88' lang='lat' dir='ltr'>l.</span> <span class='ocrx_word' id='word_1_48' title='bbox 380 645 427 683; x_wconf 87' lang='lat' dir='ltr'>V.</span> <span class='ocrx_word' id='word_1_49' title='bbox 461 646 501 684; x_wconf 87' lang='lat' dir='ltr'>C.</span> <span class='ocrx_word' id='word_1_50' title='bbox 536 649 610 685; x_wconf 84' lang='lat'>37:</span> <span class='ocrx_word' id='word_1_51' title='bbox 642 646 754 691; x_wconf 88' lang='grc' dir='ltr'>τοὺς</span> <span class='ocrx_word' id='word_1_52' title='bbox 784 642 818 685; x_wconf 75' lang='grc' dir='ltr'>δ’</span> <span class='ocrx_word' id='word_1_53' title='bbox 849 645 967 698; x_wconf 83' lang='grc' dir='ltr'>ἔλαβε</span> <span class='ocrx_word' id='word_1_54' title='bbox 997 647 1261 698; x_wconf 80' lang='grc' dir='ltr'>τυράννους</span> <span class='ocrx_word' id='word_1_55' title='bbox 1290 646 1454 692; x_wconf 80' lang='grc' dir='ltr'>τοὺτους</span> <span class='ocrx_word' id='word_1_56' title='bbox 1483 643 1528 685; x_wconf 90' lang='grc' dir='ltr'>δέ</span> <span class='ocrx_word' id='word_1_57' title='bbox 1559 658 1660 696; x_wconf 84' lang='lat' dir='ltr'><strong>sqq.;</strong></span> 
     </span>
    </p>

    <p class='ocr_par' dir='ltr' id='par_1_6' title="bbox 206 714 1748 840">
     <span class='ocr_line' id='line_1_8' title="bbox 323 714 1748 770; baseline 0.002 -18"><span class='ocrx_word' id='word_1_58' title='bbox 323 714 348 755; x_wconf 92' lang='grc'>1.</span> <span class='ocrx_word' id='word_1_59' title='bbox 382 714 431 753; x_wconf 87' lang='lat' dir='ltr'>V.</span> <span class='ocrx_word' id='word_1_60' title='bbox 465 716 505 754; x_wconf 86' lang='lat' dir='ltr'>C.</span> <span class='ocrx_word' id='word_1_61' title='bbox 539 719 615 756; x_wconf 85' lang='lat'>39:</span> <span class='ocrx_word' id='word_1_62' title='bbox 660 715 708 756; x_wconf 82' lang='grc' dir='ltr'>σὺ</span> <span class='ocrx_word' id='word_1_63' title='bbox 739 719 807 756; x_wconf 84' lang='grc' dir='ltr'>νῦν</span> <span class='ocrx_word' id='word_1_64' title='bbox 837 716 921 770; x_wconf 82' lang='grc' dir='ltr'>τὴν</span> <span class='ocrx_word' id='word_1_65' title='bbox 953 716 1023 770; x_wconf 89' lang='grc' dir='ltr'>μὲν</span> <span class='ocrx_word' id='word_1_66' title='bbox 1059 714 1165 769; x_wconf 78' lang='grc' dir='ltr'>ἔχεις</span> <span class='ocrx_word' id='word_1_67' title='bbox 1193 720 1391 766; x_wconf 86' lang='grc' dir='ltr'>γυναῖκα</span> <span class='ocrx_word' id='word_1_68' title='bbox 1427 714 1526 764; x_wconf 76' lang='grc' dir='ltr'>ἔξεο,</span> <span class='ocrx_word' id='word_1_69' title='bbox 1563 719 1621 755; x_wconf 88' lang='lat' dir='ltr'>et:</span> <span class='ocrx_word' id='word_1_70' title='bbox 1661 715 1748 770; x_wconf 84' lang='grc' dir='ltr'>τὴν</span> 
     </span>
     <span class='ocr_line' id='line_1_9' title="bbox 206 782 759 840; baseline 0.005 -18"><span class='ocrx_word' id='word_1_71' title='bbox 206 782 291 837; x_wconf 83' lang='grc' dir='ltr'>ἔχει</span> <span class='ocrx_word' id='word_1_72' title='bbox 320 789 485 834; x_wconf 83' lang='grc' dir='ltr'>γυναῖκα</span> <span class='ocrx_word' id='word_1_73' title='bbox 516 809 570 813; x_wconf 90' lang='grc'><strong>-</strong></span> <span class='ocrx_word' id='word_1_74' title='bbox 601 785 759 840; x_wconf 76' lang='grc' dir='ltr'>ταυτην·</span> 
     </span>
    </p>

    <p class='ocr_par' dir='ltr' id='par_1_7' title="bbox 321 842 1660 910">
     <span class='ocr_line' id='line_1_10' title="bbox 321 842 1660 910; baseline 0.003 -18"><span class='ocrx_word' id='word_1_75' title='bbox 321 855 347 893; x_wconf 91' lang='grc'>1.</span> <span class='ocrx_word' id='word_1_76' title='bbox 377 855 426 893; x_wconf 87' lang='lat' dir='ltr'>V.</span> <span class='ocrx_word' id='word_1_77' title='bbox 458 856 498 895; x_wconf 86' lang='lat' dir='ltr'>C.</span> <span class='ocrx_word' id='word_1_78' title='bbox 532 859 605 896; x_wconf 84' lang='lat'>62:</span> <span class='ocrx_word' id='word_1_79' title='bbox 638 852 851 908; x_wconf 82' lang='grc' dir='ltr'>ἀναλαβεῖν</span> <span class='ocrx_word' id='word_1_80' title='bbox 881 856 961 895; x_wconf 91' lang='grc' dir='ltr'>τὸν</span> <span class='ocrx_word' id='word_1_81' title='bbox 991 852 1078 895; x_wconf 79' lang='grc' dir='ltr'>κατ’</span> <span class='ocrx_word' id='word_1_82' title='bbox 1108 852 1238 909; x_wconf 85' lang='grc' dir='ltr'>ἀρχὰς</span> <span class='ocrx_word' id='word_1_83' title='bbox 1266 852 1336 910; x_wconf 82' lang='grc' dir='ltr'>ἤια</span> <span class='ocrx_word' id='word_1_84' title='bbox 1369 853 1492 901; x_wconf 79' lang='grc' dir='ltr'>λέξων</span> <span class='ocrx_word' id='word_1_85' title='bbox 1531 842 1660 907; x_wconf 60' lang='grc' dir='ltr'>λόγον·</span> 
     </span>
    </p>

    <p class='ocr_par' dir='ltr' id='par_1_8' title="bbox 204 924 1749 1050">
     <span class='ocr_line' id='line_1_11' title="bbox 320 924 1749 980; baseline 0.002 -18"><span class='ocrx_word' id='word_1_86' title='bbox 320 925 346 962; x_wconf 87' lang='grc'>1.</span> <span class='ocrx_word' id='word_1_87' title='bbox 378 926 416 962; x_wconf 88' lang='lat' dir='ltr'>V</span> <span class='ocrx_word' id='word_1_88' title='bbox 447 926 487 964; x_wconf 86' lang='lat' dir='ltr'>C.</span> <span class='ocrx_word' id='word_1_89' title='bbox 523 928 625 966; x_wconf 88' lang='lat'>106:</span> <span class='ocrx_word' id='word_1_90' title='bbox 658 926 712 980; x_wconf 87' lang='grc' dir='ltr'>μὴ</span> <span class='ocrx_word' id='word_1_91' title='bbox 745 927 814 980; x_wconf 87' lang='grc' dir='ltr'>μὲν</span> <span class='ocrx_word' id='word_1_92' title='bbox 835 928 1028 980; x_wconf 84' lang='grc' dir='ltr'>πρότερον</span> <span class='ocrx_word' id='word_1_93' title='bbox 1049 925 1297 966; x_wconf 74' lang='grc' dir='ltr'>ἐκδυσασθαι</span> <span class='ocrx_word' id='word_1_94' title='bbox 1324 926 1406 966; x_wconf 91' lang='grc' dir='ltr'>τὸν</span> <span class='ocrx_word' id='word_1_95' title='bbox 1427 924 1532 979; x_wconf 84' lang='grc' dir='ltr'>ἔχων</span> <span class='ocrx_word' id='word_1_96' title='bbox 1558 924 1749 966; x_wconf 77' lang='grc' dir='ltr'>κιθῶνα</span> 
     </span>
     <span class='ocr_line' id='line_1_12' title="bbox 204 993 494 1050; baseline 0.007 -17"><span class='ocrx_word' id='word_1_97' title='bbox 204 993 494 1050; x_wconf 79' lang='grc' dir='ltr'>καταβήσομαι·</span> 
     </span>
    </p>

    <p class='ocr_par' dir='ltr' id='par_1_9' title="bbox 320 1063 1497 1123">
     <span class='ocr_line' id='line_1_13' title="bbox 320 1063 1497 1123; baseline 0.002 -20"><span class='ocrx_word' id='word_1_98' title='bbox 320 1066 346 1103; x_wconf 91' lang='grc'>1.</span> <span class='ocrx_word' id='word_1_99' title='bbox 377 1066 456 1104; x_wconf 88' lang='lat' dir='ltr'>VII</span> <span class='ocrx_word' id='word_1_100' title='bbox 487 1067 528 1105; x_wconf 87' lang='lat' dir='ltr'>C.</span> <span class='ocrx_word' id='word_1_101' title='bbox 562 1069 637 1106; x_wconf 84' lang='lat'>52:</span> <span class='ocrx_word' id='word_1_102' title='bbox 668 1072 762 1106; x_wconf 86' lang='grc' dir='ltr'>τῶν</span> <span class='ocrx_word' id='word_1_103' title='bbox 794 1063 1004 1123; x_wconf 80' lang='grc' dir='ltr'>ἀπεφήναο</span> <span class='ocrx_word' id='word_1_104' title='bbox 1034 1064 1261 1121; x_wconf 81' lang='grc' dir='ltr'>γνωμέων</span> <span class='ocrx_word' id='word_1_105' title='bbox 1292 1065 1497 1123; x_wconf 79' lang='grc' dir='ltr'>σφάλλεαι·</span> 
     </span>
    </p>

    <p class='ocr_par' dir='ltr' id='par_1_10' title="bbox 322 1135 1337 1189">
     <span class='ocr_line' id='line_1_14' title="bbox 322 1135 1337 1189; baseline 0.002 -15"><span class='ocrx_word' id='word_1_106' title='bbox 322 1137 347 1174; x_wconf 90' lang='grc'>1.</span> <span class='ocrx_word' id='word_1_107' title='bbox 379 1137 458 1176; x_wconf 85' lang='lat' dir='ltr'>VH</span> <span class='ocrx_word' id='word_1_108' title='bbox 489 1137 529 1176; x_wconf 86' lang='lat' dir='ltr'>C.</span> <span class='ocrx_word' id='word_1_109' title='bbox 565 1140 668 1178; x_wconf 84' lang='lat'>154:</span> <span class='ocrx_word' id='word_1_110' title='bbox 700 1144 793 1178; x_wconf 83' lang='grc' dir='ltr'>τῶν</span> <span class='ocrx_word' id='word_1_111' title='bbox 826 1137 869 1178; x_wconf 85' lang='grc' dir='ltr'>δὲ</span> <span class='ocrx_word' id='word_1_112' title='bbox 901 1135 1011 1178; x_wconf 86' lang='grc' dir='ltr'>εἷπον</span> <span class='ocrx_word' id='word_1_113' title='bbox 1041 1136 1223 1178; x_wconf 88' lang='grc' dir='ltr'>πολίων</span> <span class='ocrx_word' id='word_1_114' title='bbox 1254 1150 1337 1189; x_wconf 89' lang='lat' dir='ltr'>sqq.</span> 
     </span>
    </p>

    <p class='ocr_par' dir='ltr' id='par_1_11' title="bbox 201 1207 1752 1471">
     <span class='ocr_line' id='line_1_15' title="bbox 319 1207 1752 1258; baseline -0.001 -11"><span class='ocrx_word' id='word_1_115' title='bbox 319 1207 480 1247; x_wconf 87' lang='lat' dir='ltr'>Duobus</span> <span class='ocrx_word' id='word_1_116' title='bbox 527 1208 590 1246; x_wconf 89' lang='lat' dir='ltr'>his</span> <span class='ocrx_word' id='word_1_117' title='bbox 632 1208 728 1246; x_wconf 88' lang='lat' dir='ltr'>locis</span> <span class='ocrx_word' id='word_1_118' title='bbox 769 1211 808 1247; x_wconf 88' lang='lat' dir='ltr'>et</span> <span class='ocrx_word' id='word_1_119' title='bbox 850 1209 1025 1246; x_wconf 75' lang='lat' dir='ltr'>attractio</span> <span class='ocrx_word' id='word_1_120' title='bbox 1068 1208 1306 1258; x_wconf 77' lang='lat' dir='ltr'>pronominis</span> <span class='ocrx_word' id='word_1_121' title='bbox 1350 1207 1503 1246; x_wconf 81' lang='lat' dir='ltr'>relativi</span> <span class='ocrx_word' id='word_1_122' title='bbox 1547 1211 1587 1245; x_wconf 89' lang='lat' dir='ltr'>et</span> <span class='ocrx_word' id='word_1_123' title='bbox 1621 1211 1752 1245; x_wconf 33' lang='lat' dir='ltr'>trans&amp;</span> 
     </span>
     <span class='ocr_line' id='line_1_16' title="bbox 202 1273 1741 1332; baseline 0.001 -18"><span class='ocrx_word' id='word_1_124' title='bbox 202 1276 341 1325; x_wconf 87' lang='lat' dir='ltr'>positio</span> <span class='ocrx_word' id='word_1_125' title='bbox 388 1278 591 1316; x_wconf 87' lang='lat' dir='ltr'>statuenda</span> <span class='ocrx_word' id='word_1_126' title='bbox 635 1282 711 1326; x_wconf 87' lang='lat' dir='ltr'>est,</span> <span class='ocrx_word' id='word_1_127' title='bbox 757 1290 847 1317; x_wconf 89' lang='lat' dir='ltr'>cum</span> <span class='ocrx_word' id='word_1_128' title='bbox 893 1279 1029 1317; x_wconf 78' lang='lat' dir='ltr'>verba:</span> <span class='ocrx_word' id='word_1_129' title='bbox 1083 1283 1161 1317; x_wconf 86' lang='grc' dir='ltr'>τῶν</span> <span class='ocrx_word' id='word_1_130' title='bbox 1205 1273 1417 1332; x_wconf 78' lang='grc' dir='ltr'>ἀπεφήναο</span> <span class='ocrx_word' id='word_1_131' title='bbox 1456 1273 1643 1331; x_wconf 78' lang='grc' dir='ltr'>γνωμέων</span> <span class='ocrx_word' id='word_1_132' title='bbox 1684 1281 1741 1316; x_wconf 91' lang='lat' dir='ltr'>et:</span> 
     </span>
     <span class='ocr_line' id='line_1_17' title="bbox 201 1343 1743 1400; baseline 0.001 -16"><span class='ocrx_word' id='word_1_133' title='bbox 201 1351 294 1385; x_wconf 81' lang='grc' dir='ltr'>τῶν</span> <span class='ocrx_word' id='word_1_134' title='bbox 334 1344 378 1385; x_wconf 86' lang='grc' dir='ltr'>δὲ</span> <span class='ocrx_word' id='word_1_135' title='bbox 410 1343 518 1385; x_wconf 87' lang='grc' dir='ltr'>εἶπον</span> <span class='ocrx_word' id='word_1_136' title='bbox 547 1345 697 1386; x_wconf 88' lang='grc' dir='ltr'>πολίων</span> <span class='ocrx_word' id='word_1_137' title='bbox 728 1360 780 1386; x_wconf 85' lang='lat' dir='ltr'>ex</span> <span class='ocrx_word' id='word_1_138' title='bbox 808 1348 880 1386; x_wconf 90' lang='lat' dir='ltr'>hac</span> <span class='ocrx_word' id='word_1_139' title='bbox 911 1351 1101 1386; x_wconf 74' lang='lat' dir='ltr'>structura</span> <span class='ocrx_word' id='word_1_140' title='bbox 1130 1351 1212 1386; x_wconf 84' lang='lat' dir='ltr'>orta</span> <span class='ocrx_word' id='word_1_141' title='bbox 1239 1348 1334 1385; x_wconf 85' lang='lat' dir='ltr'>sint:</span> <span class='ocrx_word' id='word_1_142' title='bbox 1366 1352 1444 1387; x_wconf 86' lang='grc' dir='ltr'>τῶν</span> <span class='ocrx_word' id='word_1_143' title='bbox 1464 1343 1651 1400; x_wconf 80' lang='grc' dir='ltr'>γνωμέων</span> <span class='ocrx_word' id='word_1_144' title='bbox 1671 1347 1743 1392; x_wconf 82' lang='grc' dir='ltr'>τὰς</span> 
     </span>
     <span class='ocr_line' id='line_1_18' title="bbox 202 1411 1089 1471; baseline 0.005 -17"><span class='ocrx_word' id='word_1_145' title='bbox 202 1411 423 1471; x_wconf 76' lang='grc' dir='ltr'>ἀπεφήναο,</span> <span class='ocrx_word' id='word_1_146' title='bbox 455 1420 513 1456; x_wconf 88' lang='lat' dir='ltr'>et:</span> <span class='ocrx_word' id='word_1_147' title='bbox 545 1422 622 1457; x_wconf 86' lang='grc' dir='ltr'>τῶν</span> <span class='ocrx_word' id='word_1_148' title='bbox 643 1415 686 1457; x_wconf 86' lang='grc' dir='ltr'>δὲ</span> <span class='ocrx_word' id='word_1_149' title='bbox 707 1414 856 1458; x_wconf 89' lang='grc' dir='ltr'>πολίων</span> <span class='ocrx_word' id='word_1_150' title='bbox 876 1417 948 1464; x_wconf 88' lang='grc' dir='ltr'>τὰς</span> <span class='ocrx_word' id='word_1_151' title='bbox 969 1413 1089 1458; x_wconf 87' lang='grc' dir='ltr'>εἶπον.</span> 
     </span>
    </p>

    <p class='ocr_par' dir='ltr' id='par_1_12' title="bbox 197 1488 1743 1893">
     <span class='ocr_line' id='line_1_19' title="bbox 317 1488 1743 1538; baseline 0.001 -13"><span class='ocrx_word' id='word_1_152' title='bbox 317 1488 468 1526; x_wconf 80' lang='lat' dir='ltr'>Deinde</span> <span class='ocrx_word' id='word_1_153' title='bbox 512 1488 561 1526; x_wconf 86' lang='lat' dir='ltr'>ad</span> <span class='ocrx_word' id='word_1_154' title='bbox 604 1488 710 1527; x_wconf 85' lang='lat' dir='ltr'>idem</span> <span class='ocrx_word' id='word_1_155' title='bbox 754 1489 989 1527; x_wconf 82' lang='lat' dir='ltr'>attractionis</span> <span class='ocrx_word' id='word_1_156' title='bbox 1025 1500 1149 1538; x_wconf 87' lang='lat' dir='ltr'>genus</span> <span class='ocrx_word' id='word_1_157' title='bbox 1185 1488 1379 1527; x_wconf 82' lang='lat' dir='ltr'>referendi</span> <span class='ocrx_word' id='word_1_158' title='bbox 1421 1492 1512 1527; x_wconf 89' lang='lat' dir='ltr'>sunt</span> <span class='ocrx_word' id='word_1_159' title='bbox 1546 1488 1638 1536; x_wconf 89' lang='lat' dir='ltr'>loci,</span> <span class='ocrx_word' id='word_1_160' title='bbox 1675 1488 1743 1527; x_wconf 88' lang='lat' dir='ltr'>ubi</span> 
     </span>
     <span class='ocr_line' id='line_1_20' title="bbox 200 1558 1742 1610; baseline 0.001 -14"><span class='ocrx_word' id='word_1_161' title='bbox 200 1559 473 1597; x_wconf 87' lang='lat' dir='ltr'>subiectum</span> <span class='ocrx_word' id='word_1_162' title='bbox 487 1558 518 1610; x_wconf 86' lang='lat'>1)</span> <span class='ocrx_word' id='word_1_163' title='bbox 550 1559 826 1597; x_wconf 86' lang='lat' dir='ltr'>enuntiationis</span> <span class='ocrx_word' id='word_1_164' title='bbox 847 1559 1096 1598; x_wconf 88' lang='lat' dir='ltr'>secundariae</span> <span class='ocrx_word' id='word_1_165' title='bbox 1127 1559 1307 1598; x_wconf 89' lang='lat' dir='ltr'>obiecti</span> <span class='ocrx_word' id='word_1_166' title='bbox 1335 1559 1420 1598; x_wconf 88' lang='lat' dir='ltr'>loco</span> <span class='ocrx_word' id='word_1_167' title='bbox 1439 1559 1481 1597; x_wconf 90' lang='lat' dir='ltr'>in</span> <span class='ocrx_word' id='word_1_168' title='bbox 1501 1559 1742 1598; x_wconf 87' lang='lat' dir='ltr'>enuntiatum</span> 
     </span>
     <span class='ocr_line' id='line_1_21' title="bbox 198 1629 1742 1679; baseline 0.001 -13"><span class='ocrx_word' id='word_1_169' title='bbox 198 1629 424 1678; x_wconf 86' lang='lat' dir='ltr'>primarium</span> <span class='ocrx_word' id='word_1_170' title='bbox 460 1629 665 1678; x_wconf 84' lang='lat' dir='ltr'>recipitur,</span> <span class='ocrx_word' id='word_1_171' title='bbox 700 1629 742 1666; x_wconf 85' lang='lat' dir='ltr'>id</span> <span class='ocrx_word' id='word_1_172' title='bbox 780 1629 881 1679; x_wconf 85' lang='lat' dir='ltr'>quod</span> <span class='ocrx_word' id='word_1_173' title='bbox 919 1630 1088 1667; x_wconf 81' lang='lat' dir='ltr'>maxime</span> <span class='ocrx_word' id='word_1_174' title='bbox 1124 1629 1226 1667; x_wconf 83' lang='lat' dir='ltr'>cadit</span> <span class='ocrx_word' id='word_1_175' title='bbox 1261 1630 1304 1667; x_wconf 88' lang='lat' dir='ltr'>in</span> <span class='ocrx_word' id='word_1_176' title='bbox 1333 1630 1450 1668; x_wconf 83' lang='lat' dir='ltr'>verba</span> <span class='ocrx_word' id='word_1_177' title='bbox 1481 1630 1672 1668; x_wconf 85' lang='lat' dir='ltr'>sentiendi</span> <span class='ocrx_word' id='word_1_178' title='bbox 1702 1633 1742 1668; x_wconf 88' lang='lat' dir='ltr'>et</span> 
     </span>
     <span class='ocr_line' id='line_1_22' title="bbox 197 1695 1740 1754; baseline 0.001 -17"><span class='ocrx_word' id='word_1_179' title='bbox 197 1697 467 1749; x_wconf 76' lang='lat' dir='ltr'>declarandi2),</span> <span class='ocrx_word' id='word_1_180' title='bbox 505 1699 614 1738; x_wconf 86' lang='lat' dir='ltr'>velut</span> <span class='ocrx_word' id='word_1_181' title='bbox 648 1699 691 1737; x_wconf 91' lang='lat' dir='ltr'>in</span> <span class='ocrx_word' id='word_1_182' title='bbox 727 1699 752 1737; x_wconf 94' lang='grc'>1.</span> <span class='ocrx_word' id='word_1_183' title='bbox 784 1699 804 1737; x_wconf 94' lang='grc' dir='ltr'>Ι</span> <span class='ocrx_word' id='word_1_184' title='bbox 836 1699 875 1738; x_wconf 88' lang='lat' dir='ltr'>C.</span> <span class='ocrx_word' id='word_1_185' title='bbox 911 1702 1014 1739; x_wconf 89' lang='lat'><strong>163:</strong></span> <span class='ocrx_word' id='word_1_186' title='bbox 1055 1695 1076 1739; x_wconf 86' lang='grc' dir='ltr'>ὁ</span> <span class='ocrx_word' id='word_1_187' title='bbox 1115 1697 1159 1738; x_wconf 88' lang='grc' dir='ltr'>δὲ</span> <span class='ocrx_word' id='word_1_188' title='bbox 1196 1696 1424 1753; x_wconf 75' lang='grc' dir='ltr'>πυθόμενος</span> <span class='ocrx_word' id='word_1_189' title='bbox 1459 1699 1541 1739; x_wconf 89' lang='grc' dir='ltr'>τὸν</span> <span class='ocrx_word' id='word_1_190' title='bbox 1571 1695 1740 1754; x_wconf 84' lang='grc' dir='ltr'>Μῆδον</span> 
     </span>
     <span class='ocr_line' id='line_1_23' title="bbox 197 1754 1741 1822; baseline 0.001 -16"><span class='ocrx_word' id='word_1_191' title='bbox 197 1764 288 1820; x_wconf 90' lang='grc' dir='ltr'>παρ’</span> <span class='ocrx_word' id='word_1_192' title='bbox 337 1764 492 1807; x_wconf 72' lang='grc' dir='ltr'>αὐτῶν</span> <span class='ocrx_word' id='word_1_193' title='bbox 537 1765 592 1813; x_wconf 81' lang='grc' dir='ltr'>ὥς</span> <span class='ocrx_word' id='word_1_194' title='bbox 637 1764 812 1815; x_wconf 74' lang='grc' dir='ltr'>αὔξοιτο,</span> <span class='ocrx_word' id='word_1_195' title='bbox 859 1781 946 1819; x_wconf 91' lang='lat' dir='ltr'>pro:</span> <span class='ocrx_word' id='word_1_196' title='bbox 986 1765 1008 1807; x_wconf 86' lang='grc' dir='ltr'>ὁ</span> <span class='ocrx_word' id='word_1_197' title='bbox 1045 1767 1088 1807; x_wconf 85' lang='grc' dir='ltr'>δὲ</span> <span class='ocrx_word' id='word_1_198' title='bbox 1127 1767 1358 1822; x_wconf 74' lang='grc' dir='ltr'>πυθόμενος</span> <span class='ocrx_word' id='word_1_199' title='bbox 1394 1769 1487 1821; x_wconf 86' lang='grc' dir='ltr'>παρ’</span> <span class='ocrx_word' id='word_1_200' title='bbox 1519 1764 1647 1808; x_wconf 74' lang='grc' dir='ltr'>αὐτῶν</span> <span class='ocrx_word' id='word_1_201' title='bbox 1686 1754 1741 1814; x_wconf 81' lang='grc' dir='ltr'>ὣς</span> 
     </span>
     <span class='ocr_line' id='line_1_24' title="bbox 198 1833 864 1893; baseline 0.005 -16"><span class='ocrx_word' id='word_1_202' title='bbox 198 1834 219 1877; x_wconf 87' lang='grc' dir='ltr'><strong>ὀ</strong></span> <span class='ocrx_word' id='word_1_203' title='bbox 252 1834 394 1893; x_wconf 85' lang='grc' dir='ltr'>Μῆδος</span> <span class='ocrx_word' id='word_1_204' title='bbox 424 1833 592 1883; x_wconf 75' lang='grc' dir='ltr'>αὔξοιτο·</span> <span class='ocrx_word' id='word_1_205' title='bbox 861 1878 864 1880; x_wconf 89' lang='grc'>.</span> 
     </span>
    </p>

    <p class='ocr_par' dir='ltr' id='par_1_13' title="bbox 197 1904 1738 2031">
     <span class='ocr_line' id='line_1_25' title="bbox 315 1904 1738 1963; baseline 0.001 -17"><span class='ocrx_word' id='word_1_206' title='bbox 315 1909 341 1947; x_wconf 91' lang='grc'>1.</span> <span class='ocrx_word' id='word_1_207' title='bbox 373 1909 393 1946; x_wconf 90' lang='grc' dir='ltr'>Ι</span> <span class='ocrx_word' id='word_1_208' title='bbox 425 1909 465 1947; x_wconf 89' lang='lat' dir='ltr'>C.</span> <span class='ocrx_word' id='word_1_209' title='bbox 502 1912 604 1949; x_wconf 84' lang='lat'><strong>192:</strong></span> <span class='ocrx_word' id='word_1_210' title='bbox 637 1909 722 1963; x_wconf 81' lang='grc' dir='ltr'>τὴν</span> <span class='ocrx_word' id='word_1_211' title='bbox 754 1907 808 1948; x_wconf 87' lang='grc' dir='ltr'>δὲ</span> <span class='ocrx_word' id='word_1_212' title='bbox 839 1907 1042 1963; x_wconf 77' lang='grc' dir='ltr'>δυναμιν</span> <span class='ocrx_word' id='word_1_213' title='bbox 1073 1914 1163 1948; x_wconf 85' lang='grc' dir='ltr'>τῶν</span> <span class='ocrx_word' id='word_1_214' title='bbox 1184 1904 1450 1961; x_wconf 86' lang='grc' dir='ltr'>Βαβυλωνίων</span> <span class='ocrx_word' id='word_1_215' title='bbox 1482 1931 1536 1937; x_wconf 89' lang='lat'>—</span> <span class='ocrx_word' id='word_1_216' title='bbox 1568 1907 1738 1963; x_wconf 85' lang='grc' dir='ltr'>δηλώσω</span> 
     </span>
     <span class='ocr_line' id='line_1_26' title="bbox 197 1975 482 2031; baseline -0.004 -14"><span class='ocrx_word' id='word_1_217' title='bbox 197 1975 271 2031; x_wconf 81' lang='grc' dir='ltr'>ὅση</span> <span class='ocrx_word' id='word_1_218' title='bbox 302 1989 359 2023; x_wconf 85' lang='grc' dir='ltr'>τις</span> <span class='ocrx_word' id='word_1_219' title='bbox 390 1977 482 2017; x_wconf 83' lang='grc' dir='ltr'>ἐστί·</span> 
     </span>
    </p>

    <p class='ocr_par' dir='ltr' id='par_1_14' title="bbox 311 2044 1533 2103">
     <span class='ocr_line' id='line_1_27' title="bbox 311 2044 1533 2103; baseline 0.002 -18"><span class='ocrx_word' id='word_1_220' title='bbox 311 2048 337 2085; x_wconf 92' lang='grc'>1.</span> <span class='ocrx_word' id='word_1_221' title='bbox 368 2048 429 2086; x_wconf 89' lang='grc' dir='ltr'>ΠΙ</span> <span class='ocrx_word' id='word_1_222' title='bbox 461 2047 500 2086; x_wconf 86' lang='lat' dir='ltr'>C.</span> <span class='ocrx_word' id='word_1_223' title='bbox 525 2050 600 2088; x_wconf 88' lang='lat'>40:</span> <span class='ocrx_word' id='word_1_224' title='bbox 632 2047 677 2087; x_wconf 91' lang='grc' dir='ltr'>τὸ</span> <span class='ocrx_word' id='word_1_225' title='bbox 709 2046 819 2087; x_wconf 67' lang='grc' dir='ltr'>θεῖον</span> <span class='ocrx_word' id='word_1_226' title='bbox 851 2044 1094 2102; x_wconf 86' lang='grc' dir='ltr'>ἐπισταμένῳ</span> <span class='ocrx_word' id='word_1_227' title='bbox 1127 2044 1181 2094; x_wconf 86' lang='grc' dir='ltr'>ὡς</span> <span class='ocrx_word' id='word_1_228' title='bbox 1211 2046 1293 2087; x_wconf 82' lang='grc' dir='ltr'>ἔστι</span> <span class='ocrx_word' id='word_1_229' title='bbox 1322 2045 1533 2103; x_wconf 75' lang='grc' dir='ltr'>φθονερόν·</span> 
     </span>
    </p>

    <p class='ocr_par' dir='ltr' id='par_1_15' title="bbox 311 2115 1735 2172">
     <span class='ocr_line' id='line_1_28' title="bbox 311 2115 1735 2172; baseline 0 -16"><span class='ocrx_word' id='word_1_230' title='bbox 311 2119 337 2156; x_wconf 84' lang='grc'>1,</span> <span class='ocrx_word' id='word_1_231' title='bbox 359 2118 420 2156; x_wconf 93' lang='grc' dir='ltr'>ΠΙ</span> <span class='ocrx_word' id='word_1_232' title='bbox 442 2119 482 2157; x_wconf 89' lang='lat' dir='ltr'>C.</span> <span class='ocrx_word' id='word_1_233' title='bbox 508 2118 610 2158; x_wconf 87' lang='lat'>119:</span> <span class='ocrx_word' id='word_1_234' title='bbox 642 2119 709 2157; x_wconf 89' lang='grc' dir='ltr'>καὶ</span> <span class='ocrx_word' id='word_1_235' title='bbox 738 2118 822 2172; x_wconf 85' lang='grc' dir='ltr'>τὴν</span> <span class='ocrx_word' id='word_1_236' title='bbox 853 2115 1012 2172; x_wconf 77' lang='grc' dir='ltr'>αἰτίην</span> <span class='ocrx_word' id='word_1_237' title='bbox 1044 2115 1153 2158; x_wconf 89' lang='grc' dir='ltr'>εἷπον</span> <span class='ocrx_word' id='word_1_238' title='bbox 1175 2117 1222 2158; x_wconf 88' lang='grc' dir='ltr'>δι’</span> <span class='ocrx_word' id='word_1_239' title='bbox 1243 2116 1292 2172; x_wconf 85' lang='grc' dir='ltr'>ἢν</span> <span class='ocrx_word' id='word_1_240' title='bbox 1313 2116 1563 2163; x_wconf 74' lang='grc' dir='ltr'>πεπονθότες</span> <span class='ocrx_word' id='word_1_241' title='bbox 1589 2116 1735 2172; x_wconf 82' lang='grc' dir='ltr'>εἴησαν·</span> 
     </span>
    </p>

    <p class='ocr_par' dir='ltr' id='par_1_16' title="bbox 193 2183 1737 2313">
     <span class='ocr_line' id='line_1_29' title="bbox 309 2183 1737 2243; baseline 0 -15"><span class='ocrx_word' id='word_1_242' title='bbox 309 2190 335 2228; x_wconf 93' lang='lat' dir='ltr'>l.</span> <span class='ocrx_word' id='word_1_243' title='bbox 366 2189 427 2228; x_wconf 91' lang='lat' dir='ltr'>III</span> <span class='ocrx_word' id='word_1_244' title='bbox 459 2188 498 2228; x_wconf 88' lang='lat' dir='ltr'>C.</span> <span class='ocrx_word' id='word_1_245' title='bbox 534 2191 608 2229; x_wconf 86' lang='lat'>68:</span> <span class='ocrx_word' id='word_1_246' title='bbox 642 2184 756 2235; x_wconf 77' lang='grc' dir='ltr'>οὗτος</span> <span class='ocrx_word' id='word_1_247' title='bbox 786 2184 808 2228; x_wconf 83' lang='grc' dir='ltr'>ὁ</span> <span class='ocrx_word' id='word_1_248' title='bbox 841 2184 1008 2243; x_wconf 84' lang='grc' dir='ltr'>Ὀτάνης</span> <span class='ocrx_word' id='word_1_249' title='bbox 1038 2193 1192 2243; x_wconf 84' lang='grc' dir='ltr'>πρῶτος</span> <span class='ocrx_word' id='word_1_250' title='bbox 1213 2183 1448 2228; x_wconf 77' lang='grc' dir='ltr'>ὑπώπτευσε</span> <span class='ocrx_word' id='word_1_251' title='bbox 1467 2187 1550 2228; x_wconf 90' lang='grc' dir='ltr'>τὸν</span> <span class='ocrx_word' id='word_1_252' title='bbox 1571 2183 1737 2239; x_wconf 85' lang='grc' dir='ltr'>Μάγον</span> 
     </span>
     <span class='ocr_line' id='line_1_30' title="bbox 193 2255 872 2313; baseline -0.003 -14"><span class='ocrx_word' id='word_1_253' title='bbox 193 2256 248 2305; x_wconf 83' lang='grc' dir='ltr'>ὡς</span> <span class='ocrx_word' id='word_1_254' title='bbox 279 2255 352 2299; x_wconf 72' lang='grc' dir='ltr'>οὐκ</span> <span class='ocrx_word' id='word_1_255' title='bbox 382 2257 444 2313; x_wconf 80' lang='grc' dir='ltr'>εἴη</span> <span class='ocrx_word' id='word_1_256' title='bbox 476 2255 498 2298; x_wconf 84' lang='grc' dir='ltr'>ὁ</span> <span class='ocrx_word' id='word_1_257' title='bbox 529 2255 667 2311; x_wconf 83' lang='grc' dir='ltr'>Κὺρου</span> <span class='ocrx_word' id='word_1_258' title='bbox 698 2255 872 2312; x_wconf 87' lang='grc' dir='ltr'>Σμέρδις·</span> 
     </span>
    </p>

    <p class='ocr_par' dir='ltr' id='par_1_17' title="bbox 190 2323 1734 2455">
     <span class='ocr_line' id='line_1_31' title="bbox 307 2323 1734 2383; baseline -0.001 -16"><span class='ocrx_word' id='word_1_259' title='bbox 307 2330 333 2367; x_wconf 89' lang='grc'>1.</span> <span class='ocrx_word' id='word_1_260' title='bbox 364 2329 425 2367; x_wconf 85' lang='lat'>111</span> <span class='ocrx_word' id='word_1_261' title='bbox 457 2329 497 2368; x_wconf 89' lang='lat' dir='ltr'>C.</span> <span class='ocrx_word' id='word_1_262' title='bbox 530 2331 606 2368; x_wconf 88' lang='lat'>80:</span> <span class='ocrx_word' id='word_1_263' title='bbox 647 2326 772 2367; x_wconf 84' lang='grc' dir='ltr'>εἴδετε</span> <span class='ocrx_word' id='word_1_264' title='bbox 812 2328 883 2382; x_wconf 89' lang='grc' dir='ltr'>μὲν</span> <span class='ocrx_word' id='word_1_265' title='bbox 913 2328 987 2382; x_wconf 89' lang='grc' dir='ltr'>γὰρ</span> <span class='ocrx_word' id='word_1_266' title='bbox 1017 2328 1088 2383; x_wconf 84' lang='grc' dir='ltr'>τὴν</span> <span class='ocrx_word' id='word_1_267' title='bbox 1118 2325 1348 2383; x_wconf 80' lang='grc' dir='ltr'>Καμβύσεω</span> <span class='ocrx_word' id='word_1_268' title='bbox 1380 2323 1516 2381; x_wconf 74' lang='grc' dir='ltr'>ὕβριν</span> <span class='ocrx_word' id='word_1_269' title='bbox 1547 2325 1609 2367; x_wconf 82' lang='grc' dir='ltr'>ἐπ’</span> <span class='ocrx_word' id='word_1_270' title='bbox 1641 2324 1734 2366; x_wconf 80' lang='grc' dir='ltr'>ὅσον</span> 
     </span>
     <span class='ocr_line' id='line_1_32' title="bbox 190 2398 403 2455; baseline -0.005 -16"><span class='ocrx_word' id='word_1_271' title='bbox 190 2398 403 2455; x_wconf 69' lang='grc' dir='ltr'>ἐπεξῆλθε·</span> 
     </span>
    </p>

    <p class='ocr_par' dir='ltr' id='par_1_18' title="bbox 306 2465 1531 2523">
     <span class='ocr_line' id='line_1_33' title="bbox 306 2465 1531 2523; baseline -0.002 -15"><span class='ocrx_word' id='word_1_272' title='bbox 306 2471 331 2508; x_wconf 93' lang='grc'>1.</span> <span class='ocrx_word' id='word_1_273' title='bbox 362 2470 423 2508; x_wconf 83' lang='lat' dir='ltr'>III</span> <span class='ocrx_word' id='word_1_274' title='bbox 455 2470 495 2509; x_wconf 83' lang='lat' dir='ltr'>C.</span> <span class='ocrx_word' id='word_1_275' title='bbox 531 2473 634 2510; x_wconf 91' lang='lat'>130:</span> <span class='ocrx_word' id='word_1_276' title='bbox 667 2465 811 2522; x_wconf 80' lang='grc' dir='ltr'>εἰρώτα</span> <span class='ocrx_word' id='word_1_277' title='bbox 843 2493 897 2497; x_wconf 89' lang='lat'>-—</span> <span class='ocrx_word' id='word_1_278' title='bbox 928 2469 1012 2523; x_wconf 83' lang='grc' dir='ltr'>τὴν</span> <span class='ocrx_word' id='word_1_279' title='bbox 1042 2466 1223 2523; x_wconf 89' lang='grc' dir='ltr'>τέχνην</span> <span class='ocrx_word' id='word_1_280' title='bbox 1254 2465 1289 2507; x_wconf 77' lang='grc' dir='ltr'>εἰ</span> <span class='ocrx_word' id='word_1_281' title='bbox 1319 2466 1531 2507; x_wconf 81' lang='grc' dir='ltr'>ἐπίσταιτο·</span> 
     </span>
    </p>

    <p class='ocr_par' dir='ltr' id='par_1_19' title="bbox 187 2534 1733 2665">
     <span class='ocr_line' id='line_1_34' title="bbox 305 2534 1733 2593; baseline -0.001 -16"><span class='ocrx_word' id='word_1_282' title='bbox 305 2541 331 2577; x_wconf 90' lang='grc'>1.</span> <span class='ocrx_word' id='word_1_283' title='bbox 363 2540 422 2577; x_wconf 87' lang='lat' dir='ltr'>IV</span> <span class='ocrx_word' id='word_1_284' title='bbox 452 2540 493 2578; x_wconf 87' lang='lat' dir='ltr'>C.</span> <span class='ocrx_word' id='word_1_285' title='bbox 527 2543 629 2579; x_wconf 85' lang='lat'>201:</span> <span class='ocrx_word' id='word_1_286' title='bbox 679 2537 823 2593; x_wconf 70' lang='grc' dir='ltr'>μαθών</span> <span class='ocrx_word' id='word_1_287' title='bbox 869 2539 982 2583; x_wconf 84' lang='grc' dir='ltr'>τοὺς</span> <span class='ocrx_word' id='word_1_288' title='bbox 1027 2535 1304 2591; x_wconf 81' lang='grc' dir='ltr'>Βαρκαίους</span> <span class='ocrx_word' id='word_1_289' title='bbox 1350 2534 1404 2582; x_wconf 85' lang='grc' dir='ltr'>ὡς</span> <span class='ocrx_word' id='word_1_290' title='bbox 1438 2537 1542 2576; x_wconf 85' lang='grc' dir='ltr'>κατὰ</span> <span class='ocrx_word' id='word_1_291' title='bbox 1580 2537 1650 2590; x_wconf 85' lang='grc' dir='ltr'>μὲν</span> <span class='ocrx_word' id='word_1_292' title='bbox 1689 2535 1733 2575; x_wconf 85' lang='grc' dir='ltr'>τὸ</span> 
     </span>
     <span class='ocr_line' id='line_1_35' title="bbox 187 2605 755 2665; baseline 0.002 -15"><span class='ocrx_word' id='word_1_293' title='bbox 187 2607 354 2665; x_wconf 78' lang='grc' dir='ltr'>ἰσχυρὸν</span> <span class='ocrx_word' id='word_1_294' title='bbox 385 2605 459 2650; x_wconf 73' lang='grc' dir='ltr'>οὐκ</span> <span class='ocrx_word' id='word_1_295' title='bbox 489 2606 638 2664; x_wconf 87' lang='grc' dir='ltr'>αἱρετοὶ</span> <span class='ocrx_word' id='word_1_296' title='bbox 668 2607 755 2651; x_wconf 87' lang='grc' dir='ltr'>εἷεν·</span> 
     </span>
    </p>
   </div>
   <div class='ocr_carea' id='block_1_2' title="bbox 337 2708 610 2717">
    <p class='ocr_par' dir='ltr' id='par_1_20' title="bbox 337 2708 610 2717">
     <span class='ocr_line' id='line_1_36' title="bbox 337 2708 610 2717; baseline 0 0"><span class='ocrx_word' id='word_1_297' title='bbox 337 2708 610 2717; x_wconf 95' lang='lat' dir='ltr'> </span> 
     </span>
    </p>
   </div>
   <div class='ocr_carea' id='block_1_3' title="bbox 303 2762 1645 2866">
    <p class='ocr_par' dir='ltr' id='par_1_21' title="bbox 303 2762 1645 2866">
     <span class='ocr_line' id='line_1_37' title="bbox 308 2762 1208 2806; baseline -0.001 -9"><span class='ocrx_word' id='word_1_298' title='bbox 308 2762 335 2804; x_wconf 87' lang='grc'>1)</span> <span class='ocrx_word' id='word_1_299' title='bbox 361 2763 545 2797; x_wconf 86' lang='lat' dir='ltr'>Kuehner:</span> <span class='ocrx_word' id='word_1_300' title='bbox 570 2762 756 2797; x_wconf 79' lang='lat' dir='ltr'>Ausfiihrl.</span> <span class='ocrx_word' id='word_1_301' title='bbox 785 2762 1002 2796; x_wconf 80' lang='lat' dir='ltr'>Grammatik</span> <span class='ocrx_word' id='word_1_302' title='bbox 1027 2763 1046 2806; x_wconf 69' lang='grc' dir='ltr'>ξ</span> <span class='ocrx_word' id='word_1_303' title='bbox 1071 2762 1149 2796; x_wconf 88' lang='grc'><strong>600.</strong></span> <span class='ocrx_word' id='word_1_304' title='bbox 1176 2762 1208 2796; x_wconf 84' lang='grc'>4.</span> 
     </span>
     <span class='ocr_line' id='line_1_38' title="bbox 303 2817 1645 2866; baseline -0.002 -11"><span class='ocrx_word' id='word_1_305' title='bbox 303 2821 332 2866; x_wconf 87' lang='grc'>2)</span> <span class='ocrx_word' id='word_1_306' title='bbox 359 2821 398 2856; x_wconf 88' lang='lat' dir='ltr'>G.</span> <span class='ocrx_word' id='word_1_307' title='bbox 424 2821 459 2857; x_wconf 85' lang='grc' dir='ltr'>Τ.</span> <span class='ocrx_word' id='word_1_308' title='bbox 486 2823 527 2856; x_wconf 90' lang='grc' dir='ltr'>Α.</span> <span class='ocrx_word' id='word_1_309' title='bbox 553 2821 724 2866; x_wconf 81' lang='lat' dir='ltr'>Krueger:</span> <span class='ocrx_word' id='word_1_310' title='bbox 750 2820 820 2856; x_wconf 91' lang='lat' dir='ltr'>Die</span> <span class='ocrx_word' id='word_1_311' title='bbox 846 2821 1044 2856; x_wconf 83' lang='lat' dir='ltr'>Attraction</span> <span class='ocrx_word' id='word_1_312' title='bbox 1069 2821 1106 2855; x_wconf 92' lang='lat' dir='ltr'>in</span> <span class='ocrx_word' id='word_1_313' title='bbox 1132 2821 1193 2856; x_wconf 87' lang='lat' dir='ltr'>der</span> <span class='ocrx_word' id='word_1_314' title='bbox 1216 2820 1338 2856; x_wconf 79' lang='lat' dir='ltr'>latein.</span> <span class='ocrx_word' id='word_1_315' title='bbox 1366 2820 1519 2866; x_wconf 83' lang='lat' dir='ltr'>Sprache</span> <span class='ocrx_word' id='word_1_316' title='bbox 1545 2820 1565 2865; x_wconf 68' lang='grc' dir='ltr'><em>ξ</em></span> <span class='ocrx_word' id='word_1_317' title='bbox 1591 2817 1645 2852; x_wconf 86' lang='grc'>66.</span> 
     </span>
    </p>
   </div>
  </div>
 </body>
</html>
