1978 3194
925 231 941 233 -
958 174 1021 234 23

934 316 1023 360 §a

428 390 484 436 De
515 391 776 437 attractione
807 392 848 436 in
880 392 1108 438 enuntiatis
1139 393 1329 439 relativis
1360 394 1533 440 omissa.

325 472 383 511 De
423 474 750 514 enuntiationibus
787 475 959 515 relativis
995 476 1167 515 attractis
1205 479 1264 516 sat
1299 477 1420 517 multa
1456 477 1573 517 verba
1609 476 1748 517 fecisse

207 543 305 581 mihi
350 544 493 593 videor,
539 558 657 596 quare
702 546 780 584 iam
824 547 1098 597 inquioendum
1136 550 1196 586 est
1239 548 1281 586 in
1320 549 1493 598 singulos
1529 548 1644 595 locos,
1681 548 1748 586 ubi

206 612 425 653 Herodotus
470 616 737 655 attractionem
782 618 921 657 omisit.
1012 617 1169 656 Primus
1214 622 1344 658 autem
1388 619 1512 666 locus,
1559 618 1627 668 qui
1671 618 1748 656 huc

206 685 447 724 revocandus
494 690 564 733 est,
608 687 754 737 legitur
797 688 839 726 in
884 689 909 726 1.
955 688 984 726 Ι.
1032 688 1073 727 C.
1123 691 1216 727 127.
1263 685 1438 734 ἀκοῦσας
1482 687 1526 728 δὲ
1563 691 1688 727 ταῦτα
1725 684 1747 728 ὁ

203 749 418 809 Ἀστυάγης
457 751 620 810 Μήδους
656 769 700 796 τε
731 754 876 796 ὥπλισε
906 758 1052 805 πάντας
1090 781 1143 785 -
1181 756 1313 811 λήθην
1349 757 1575 812 ποιεῦμενος
1603 757 1654 796 τά
1684 769 1747 810 μιν

207 821 353 877 ἐόργεε,
407 826 474 865 ubi
527 838 597 865 nos
643 827 802 878 quidem
845 827 1082 866 attractionis
1127 827 1239 877 leges
1282 831 1395 867 antea
1441 830 1601 867 statutas
1645 826 1748 866 laedi

204 896 446 944 arbitramur,
484 910 573 936 cum
609 899 762 948 proprie
798 911 885 948 pro:
925 899 975 937 τά
1011 902 1282 948 exspectemus
1318 899 1544 947 genetivum
1579 902 1671 936 τῶν
1699 899 1747 936 ab

206 965 349 1005 omisso
379 968 606 1017 pronomine
636 967 784 1008 τοὺτων
813 971 1027 1008 attractum.
1095 969 1279 1008 Attamen
1314 968 1440 1008 facere
1470 980 1548 1007 non
1577 979 1746 1019 possum,

205 1037 301 1086 quin
345 1038 445 1076 hanc
489 1038 611 1077 fuisse
657 1051 813 1077 causam
858 1040 1083 1077 existimem
1126 1040 1363 1078 attractionis
1407 1040 1591 1078 omissae:
1644 1039 1745 1089 quod

190 1108 416 1154 ‚enuntiatio
447 1108 644 1160 relatival)
674 1122 764 1149 cum
793 1110 834 1148 vi
864 1113 903 1149 et
932 1110 1120 1160 gravitate
1134 1110 1300 1161 exprimi
1329 1110 1452 1150 debet.
1485 1134 1539 1138 —
1569 1109 1745 1149 Profecto

128 1210 131 1213 .
205 1178 299 1216 satis
329 1178 473 1218 mirum
503 1183 574 1228 est,
606 1181 708 1230 quod
737 1181 931 1230 Astyages
950 1181 1174 1231 Harpagum
1203 1184 1282 1219 tam
1313 1181 1438 1219 subito
1458 1181 1597 1219 ducem
1617 1180 1745 1229 elegit,

205 1249 346 1299 quippe
376 1249 487 1289 cuius
507 1250 633 1289 filium
653 1251 783 1301 paullo
812 1255 903 1291 ante
933 1252 991 1290 ira
1020 1252 1281 1290 inflammatus
1310 1250 1557 1290 interfecerit.
1607 1250 1745 1301 Neque

203 1319 301 1357 illud
347 1325 620 1370 argumentum
663 1322 795 1371 magni
841 1323 1027 1361 momenti
1072 1333 1159 1361 esse
1204 1324 1346 1372 potest,
1391 1321 1651 1360 accusativum
1694 1321 1745 1360 τά

204 1395 406 1441 propterea
426 1392 594 1442 positum
623 1404 721 1441 esse,
753 1393 843 1444 quia
873 1394 1037 1432 verbum
1067 1390 1200 1445 ἐόργεε
1231 1405 1322 1431 cum
1352 1392 1497 1442 duplici
1525 1392 1744 1431 accusativo

204 1461 470 1511 coniungatur.
507 1463 608 1501 Nam
637 1464 755 1502 etiam
784 1464 827 1501 in
855 1464 881 1501 l.
912 1464 980 1502 IX.
1013 1464 1053 1502 C.
1087 1466 1163 1502 58:
1205 1461 1247 1507 ἐς
1278 1460 1299 1501 ὃ
1331 1460 1502 1501 δώσουσι
1531 1458 1623 1516 ἡμῖν
1654 1467 1744 1501 τῶν

205 1524 255 1585 δὴ
287 1529 474 1586 ἐποίησαν
505 1529 702 1585 Πέρσας
731 1534 883 1573 πάντων
914 1532 1026 1578 δίκας
1055 1533 1277 1582 genetivus:
1309 1537 1387 1572 τῶν
1417 1545 1486 1582 pro
1506 1533 1741 1570 accusativo:

202 1601 253 1640 τά
283 1601 449 1652 ponitur,
481 1603 658 1653 quamvis
687 1603 850 1642 verbum
880 1607 996 1643 ποιεῖν
1033 1606 1073 1642 et
1101 1603 1230 1653 ipsmn
1259 1602 1455 1653 duplicem
1484 1602 1744 1641 accusativum

202 1685 340 1720 regere
372 1673 502 1711 soleat.

321 1742 449 1782 Simili
486 1743 598 1782 modo
635 1744 810 1782 attractio
847 1744 991 1783 omissa
1030 1747 1090 1782 est
1125 1743 1188 1782 his
1217 1743 1333 1782 locis:
1372 1743 1414 1780 in
1443 1742 1468 1781 l.
1499 1743 1529 1781 I.
1563 1742 1602 1782 C.
1628 1745 1740 1783 186:

202 1818 318 1852 τοῦτο
357 1812 401 1853 δὲ
437 1814 542 1853 κατὰ
573 1815 698 1868 μέσην
731 1826 804 1853 κου
836 1813 1008 1868 μάλιστα
1048 1814 1120 1868 τὴν
1158 1812 1267 1853 πόλιν
1311 1817 1409 1852 τοῖσι
1453 1811 1600 1852 λίθοισι
1630 1812 1743 1860 τοὺς

203 1879 380 1936 ὠρῦξατο
413 1908 467 1912 -
498 1897 586 1935 pro:
625 1889 705 1932 τοῖς
737 1908 791 1913 -——
830 1880 1038 1938 οἰκοδόμεε
1075 1884 1146 1938 τὴν
1184 1880 1366 1937 γέφυραν.
1419 1884 1444 1921 l.
1475 1883 1525 1921 II.
1558 1883 1599 1922 C.
1637 1885 1739 1923 108:

202 1955 397 2008 νοστήσας
428 1953 471 1992 δὲ
504 1951 525 1993 ὁ
557 1951 778 2006 Σέσωστρις
799 1977 853 1981 -
874 1960 929 2007 τῷ
961 1955 1030 2008 μὲν
1061 1950 1186 2007 ὁμίλῳ
1216 1954 1297 2014 τὸν
1328 1951 1543 2007 ἐπηγάγετο
1573 1957 1651 1992 τῶν
1675 1952 1742 2000 τὰς

202 2025 341 2077 χώρας
360 2021 662 2077 κατεστρέψατο,
678 2023 802 2077 τοὺτῳ
820 2024 890 2078 μὲν
906 2022 1002 2063 τάδε
1019 2022 1230 2078 ἐχρήσατο,
1257 2036 1344 2073 pro:
1367 2029 1422 2076 τῷ
1444 2021 1657 2078 ἐπηγάγετο
1675 2046 1741 2061 -.

320 2095 345 2133 l.
378 2095 425 2133 II.
459 2094 499 2133 C.
536 2097 636 2134 161:
684 2092 829 2145 ἐγίνετο
868 2090 944 2133 ἀπὸ
982 2094 1197 2147 προφάσιος
1235 2093 1319 2147 τὴν
1357 2091 1433 2144 ἐγὼ
1466 2093 1640 2147 μεζόνως
1671 2093 1741 2147 μὲν

204 2188 258 2193 -
291 2161 543 2219 ἀπηγήσομαι
575 2188 629 2192 —
660 2177 746 2215 pro:
778 2170 848 2219 τῆς
878 2163 954 2215 ἐγὼ
986 2166 1056 2219 μὲν
1089 2177 1171 2215 sqq.
1205 2188 1269 2202 —.

318 2236 345 2273 1.
376 2236 443 2274 IV.
477 2236 517 2275 C.
553 2238 654 2275 155:
688 2231 764 2274 ἀπὸ
795 2240 864 2289 τῆς
892 2240 1002 2290 τιμῆς
1032 2234 1113 2289 τὴν
1144 2233 1240 2287 ἔσχε
1270 2246 1357 2285 pro:
1389 2239 1460 2289 τῆς
1492 2233 1601 2287 ἔσχε.

319 2305 508 2345 Omnibus
542 2306 663 2355 igitur
699 2306 760 2343 his
797 2306 892 2343 locis
922 2305 1139 2343 Herodotus
1176 2305 1216 2342 id
1246 2305 1460 2343 intendisse
1490 2305 1661 2352 videtur,
1699 2306 1742 2341 ut

200 2377 307 2415 nulla
336 2376 574 2415 attractionis
604 2377 751 2415 ratione
781 2376 908 2414 habita
939 2376 1220 2415 enuntiationes
1250 2376 1442 2424 relativas,
1473 2376 1615 2427 quippe
1643 2385 1741 2425 quae

199 2460 264 2486 res
302 2448 509 2486 admodum
552 2448 823 2486 memorabiles
860 2448 1156 2497 amplectantur,
1201 2460 1224 2484 a
1260 2448 1389 2485 verbis
1424 2446 1741 2486 antecedentibus

199 2518 326 2569 magis
356 2518 625 2568 distingueret,
649 2530 883 2569 quamquam
906 2517 1039 2556 ultimo
1064 2517 1221 2568 quidem
1242 2517 1324 2556 loco
1346 2518 1445 2556 nihil
1464 2517 1740 2568 impedimento

199 2590 284 2637 fuit,
311 2590 519 2641 quominus
538 2602 626 2639 pro:
656 2589 727 2642 τὴν
748 2586 843 2641 ἔσχε
867 2611 920 2615 -
942 2600 1011 2638 per
1030 2589 1293 2626 attractionem
1314 2589 1517 2627 scriberet:
1538 2592 1611 2642 τῆς
1630 2583 1738 2637 ἔσχε,

317 2661 443 2699 Aliter
473 2660 692 2710 explicandi
714 2663 805 2697 sunt
832 2659 873 2696 hi
899 2659 991 2697 loci:
1023 2659 1048 2696 l.
1070 2658 1110 2696 Π
1131 2658 1171 2697 C.
1198 2661 1299 2698 171:
1324 2658 1391 2698 καὶ
1410 2663 1483 2713 τῆς
1504 2681 1559 2685 -
1579 2654 1740 2709 τελετῆς

200 2733 296 2785 περι,
327 2731 413 2785 τὴν
444 2726 482 2770 οἱ
507 2726 707 2784 “Έλληνες
737 2729 986 2784 θεσμοφόρια
1016 2727 1210 2773 καλέοοςι·

320 2859 348 2902 1)
365 2827 415 2893 A.
442 2857 589 2893 Proske:
627 2856 827 2901 Progiamm
853 2855 914 2891 des
940 2855 1167 2901 Progymnas.
1194 2866 1241 2890 zu
1265 2852 1558 2891 Gross-Strehlitz
1584 2863 1617 2897 p.
1645 2849 1699 2884 12.
