1978 3194
955 154 1007 190 28

316 290 517 329 Rationem
530 292 689 341 insuper
699 292 910 330 habeamus
923 295 1070 342 oportet
1081 292 1263 340 locorum,
1276 291 1342 329 ubi
1356 292 1572 331 subiectum
1585 294 1743 344 quidem

199 361 382 399 infinitivi
411 374 488 400 non
518 362 623 400 idem
653 366 714 401 est
742 366 858 413 atque
890 363 1167 402 enuntiationis
1196 362 1413 412 primariae,
1454 364 1523 402 sed
1558 366 1742 404 vocabulo

199 431 329 482 aliquo
375 432 565 470 enuntiati
608 433 781 483 primarii
821 434 1048 472 continetur.
1110 432 1192 481 Qua
1229 433 1278 472 (10
1323 444 1438 471 causa
1474 434 1744 484 determinatio

201 502 457 552 praedicativa
486 503 677 542 infinitivo
707 504 834 542 addita
873 516 1008 543 casum
1038 505 1146 542 illius
1176 504 1352 542 vocabuli
1389 504 1526 552 induit,
1562 505 1612 542 ad
1642 506 1743 554 quod

200 573 404 610 referenda
435 575 504 611 est.
536 573 672 622 Itaque
703 574 907 623 genetivus
937 575 1039 624 apud
1069 574 1303 611 infinitivum
1332 577 1540 624 usurpatur
1569 574 1612 611 in
1640 575 1666 612 l.
1694 575 1742 613 V.

205 642 244 681 C.
279 646 354 682 80:
388 640 515 682 δοκέω
546 639 639 697 ἡμῖν
670 640 968 697 Αἰγινητέων
1000 641 1165 683 δέεσθαι
1194 644 1262 683 τὸν
1292 643 1389 683 θεὸν
1417 648 1567 698 χρῆσαι
1596 655 1742 697 τιμω-

202 714 423 767 ρητήρων
453 709 652 763 γενέσθαι,
683 714 748 752 ubi
779 714 966 764 appositio
996 714 1193 752 infinitivi:
1225 715 1505 768 τιμωρητήρων
1534 724 1744 753 accommo-

201 783 288 820 data
319 787 379 821 est
407 785 456 821 ad
486 785 727 832 genetivum:
754 781 1004 838 Αἰγινητέων,
1036 786 1078 822 in
1109 796 1184 833 quo
1216 785 1431 823 subiectum
1469 784 1536 821 ad:
1567 796 1742 837 τιμωρη-

201 853 329 906 τήρων
348 852 533 902 γενέσθαι
565 854 872 892 subaudiendum
902 854 1014 892 inest.
1075 854 1337 903 Nihilominus
1366 856 1498 891 tamen
1526 844 1744 891 Herodotus

201 924 462 960 accusativum
500 924 639 973 posuit,
677 924 744 962 ubi
780 925 931 974 proprie
969 925 1192 973 genetivum
1230 927 1511 974 exspectamuS,
1550 923 1591 960 in
1620 923 1645 961 1.
1676 923 1743 961 VI.

203 993 242 1030 C.
279 996 379 1032 100:

306 1059 576 1118 Ἀθηναίων
597 1060 826 1119 ἐδεήθησαν
848 1065 955 1120 σφίσι
976 1062 1195 1119 βοηθοὺς
1223 1064 1418 1115 γενέσθαι·
1457 1064 1530 1102 hoc
1551 1063 1636 1102 loco
1657 1064 1745 1102 sub-

204 1135 430 1171 stantivum:
464 1133 651 1187 βοηθους,
683 1135 786 1184 quod
812 1136 861 1172 ad
891 1147 1044 1173 vocem:
1072 1131 1291 1188 Ἀθηναίων
1311 1135 1491 1185 pertinet,
1522 1135 1746 1182 genetivum

202 1204 355 1253 proprie
386 1204 548 1242 induere
580 1203 705 1242 debet.

320 1274 483 1311 Dativus
512 1274 710 1311 invenitur
739 1274 781 1311 in
810 1275 835 1311 1.
867 1275 897 1311 Ι.
930 1275 970 1312 G.
1006 1278 1077 1314 90:
1108 1274 1175 1313 καὶ
1205 1270 1240 1312 εἰ
1276 1270 1590 1326 ἀχαρίστοισι
1627 1274 1746 1325 νόμος

206 1340 301 1382 εἶναι
338 1346 468 1381 τοῖσι
494 1338 823 1397 Ἑλληνικοῖσι
859 1342 1040 1391 θεοῖσι,
1078 1345 1142 1383 ubi
1180 1345 1275 1382 haec
1314 1347 1506 1382 structura
1544 1343 1747 1381 statuenda

205 1425 293 1451 esse
313 1413 467 1451 videtur
479 1413 529 1464 1):
562 1412 629 1452 καὶ
660 1409 694 1452 εὶ
725 1410 970 1467 ἀχαρίστοισι
1002 1411 1097 1454 εἶναι
1128 1415 1248 1468 νόμος
1279 1411 1339 1468 εἴη
1361 1417 1459 1453 τοῖσι
1490 1408 1747 1467 Ἑλληνικοῖσι

205 1482 346 1523 θεοῖσι·

321 1556 346 1593 1.
378 1555 435 1593 VI
468 1555 507 1593 C.
545 1559 616 1594 11:
648 1552 713 1593 ἐπὶ
737 1552 853 1607 ξυροῦ
883 1555 957 1608 γὰρ
990 1552 1121 1611 ἀκμῆς
1151 1554 1285 1608 ἔχεται
1314 1551 1426 1610 ἡμῖν
1457 1554 1507 1594 τὰ
1522 1550 1745 1609 πρήγματα,

206 1623 345 1679 ἄνδρες
378 1621 528 1674 Ἴωνες,
569 1622 594 1680 ἢ
635 1622 731 1665 εἶναι
769 1623 1083 1679 ἐλευθέροισι
1119 1622 1144 1680 ἢ
1183 1624 1423 1672 δουλοισι,
1469 1625 1536 1665 καὶ
1579 1624 1748 1664 τουτοισι

206 1694 260 1742 ὡς
291 1694 520 1750 δρηπέτῃσι·

322 1768 347 1805 1.
378 1767 477 1805 VIII
509 1767 548 1806 C.
585 1770 667 1807 140
700 1766 739 1819 β;
784 1763 930 1820 ἐνορέω
952 1766 1025 1820 γὰρ
1047 1762 1154 1821 ὑμῖν
1178 1762 1250 1806 οὐκ
1270 1763 1386 1807 οἵοισί
1408 1779 1449 1806 τε
1471 1762 1747 1821 ἐσομένοισι

206 1838 272 1875 τὸν
303 1838 434 1876 πάντα
463 1838 607 1889 χρόνον
638 1834 847 1890 πολεμέειν
879 1834 1018 1889 Ξέρξῃ.

323 1908 524 1946 Eiusmodi
544 1912 674 1946 autem
694 1908 770 1946 loci
790 1911 990 1958 propterea
1019 1907 1235 1946 attractioni
1265 1908 1537 1956 attribuimtur,
1568 1906 1749 1957 quoniam

208 1979 550 2018 determinationes
581 1979 761 2015 infinitivi
792 1991 814 2016 a
843 1979 1027 2016 vocabulo
1056 1979 1185 2028 aliquo
1215 1978 1401 2016 enuntiati
1431 1978 1605 2028 prima-rii
1635 1980 1748 2015 attra-

207 2050 354 2087 huntur
384 2051 423 2086 et
453 2052 617 2097 utraque
647 2048 859 2086 enuntiatio
890 2052 1085 2098 tamquam
1115 2048 1157 2085 in
1186 2060 1303 2086 unam
1333 2048 1523 2087 coalescit.

933 2157 952 2202 ξ
989 2158 1023 2194 7.

588 2223 643 2267 De
674 2223 1071 2280 attractione-apud
1106 2224 1381 2281 participium.

323 2296 532 2345 Agendmn
579 2308 683 2334 nunc
728 2296 824 2333 mihi
871 2300 930 2335 est
975 2297 1023 2335 de
1053 2297 1168 2345 locis,
1213 2298 1279 2335 ubi
1318 2297 1533 2335 subiectum
1570 2293 1750 2333 infinitivi

207 2368 425 2406 continetur
469 2367 669 2417 participio
716 2367 903 2405 emmtiati
949 2367 1140 2417 primarii,
1176 2380 1199 2406 a
1236 2380 1311 2418 quo
1347 2367 1532 2418 appositio
1569 2364 1751 2404 infinitivi

206 2439 419 2476 attrahitur.
480 2438 670 2487 Exempla
708 2438 804 2475 haec
843 2441 951 2475 sunt:
991 2438 1015 2475 1.
1055 2438 1074 2475 I
1106 2438 1146 2476 C.
1181 2441 1252 2478 36:
1293 2437 1596 2490 διακελευσομαι
1634 2440 1750 2474 τοῖσι

206 2505 336 2548 ἰοῦσι
369 2505 467 2548 εἶναι
498 2504 552 2553 ὡς
583 2505 920 2561 προθυμοτάτοισι
952 2503 1004 2555 ὡς
1036 2505 1264 2557 συνεξελεῖν,
1300 2508 1367 2547 ubi
1388 2508 1621 2547 adiectivum
1651 2516 1748 2558 προ-

207 2577 465 2634 θυμοτάτοισι
494 2592 516 2617 a
547 2579 767 2629 participio:
799 2574 900 2617 ἰοῦσι
929 2582 1131 2617 attractum
1162 2583 1232 2618 est·

324 2651 432 2688 LIII
453 2650 493 2688 C.
520 2653 622 2689 142:
655 2655 710 2702 τῷ
742 2647 1036 2701 δικαιοτάτῳ
1069 2645 1222 2702 ἀνδρῶν
1254 2648 1535 2702 βουλομένῳ
1564 2644 1751 2697 γενέσθαι

207 2715 279 2760 οὔκ
310 2717 520 2770 ἐξεγένετο·

326 2834 355 2878 1)
380 2834 523 2869 Baeh1·.:
548 2834 584 2870 in
612 2834 741 2868 adnott.
768 2834 811 2868 ad
836 2834 870 2867 h.
896 2833 919 2868 l.
