1978 3194
923 143 975 179 25
1002 198 1084 201 —4

180 282 501 339 περιτιθέναι,
547 293 623 332 quo
666 282 750 320 loco
794 281 893 320 duae
938 284 1072 320 extant
1109 283 1344 328 structurae,
1381 291 1471 317 cum
1508 279 1718 329 genetivus-

177 357 373 396 absolutus
405 376 459 381 —
490 351 669 402 λέγοντος
705 347 825 390 αὐτοῦ
858 375 912 379 -
944 364 966 390 0
1004 364 1079 401 quo
1114 352 1256 401 pendet
1285 351 1520 388 infinitivus:
1559 350 1711 397 ποιέειν,

178 430 218 465 et
246 424 415 462 dativus:
453 418 490 460 οἱ
527 425 763 472 usurpentur
797 433 866 472 pro
901 421 1069 471 simplici
1097 421 1301 458 verborum
1330 421 1525 457 iunctura:
1565 416 1714 468 λέγοντι

179 491 283 547 αὐτῷ
314 516 369 521 ——
401 489 614 546 περιέθηκε
645 515 720 540 -,
752 504 827 542 quo
846 492 971 541 magis
991 491 1177 529 nimirum
1196 490 1494 541 participiuml):
1517 490 1712 539 λέγοντος,

178 566 318 617 quippe
339 563 441 613 quod
461 562 509 600 ad
528 565 651 601 totum
671 563 911 601 enuntiatum
930 562 1132 612 pertineat,
1151 561 1319 611 legentis
1340 561 1461 599 oculis
1477 561 1711 599 obversetur.

292 633 442 672 Deinde
478 633 554 671 huc
590 633 796 672 revocandi
826 637 918 671 sunt
945 633 987 671 hi
1015 632 1109 671 loci:
1149 632 1174 670 1.
1205 632 1246 670 Π
1276 632 1316 670 C.
1352 634 1453 671 181:
1487 627 1644 684 ἄγαλμα
1675 625 1716 668 οἱ

107 710 110 714 “
179 703 488 757 ἀποπέμψειν·
526 704 551 740 l.
584 704 643 741 111
674 703 714 741 C.
749 706 822 743 19:
856 698 928 741 οὐκ
958 702 1111 755 ἔφασαν
1142 704 1375 756 ποιήσειν.

310 805 317 812 .
348 772 410 811 III
441 773 480 812 G.
515 776 588 812 22:
622 771 698 828 ἔφη
729 768 844 813 οὐδὲν
878 772 1170 828 θωυμάζειν·

310 875 317 883 .
348 844 409 882 III
440 844 479 882 C.
513 846 587 884 53:
620 843 695 898 ἔφη
727 840 883 899 οὐδαμὰ
912 842 1053 899 ἥξειν·

310 945 317 953 .
348 915 408 953 ΠΙ
439 914 478 953 C.
512 917 586 954 55:
619 920 756 969 τιμᾶν
787 913 831 954 δὲ
862 911 1032 969 Σαμίους
1062 913 1151 968 ἔφη·

310 1016 318 1023 .
349 985 409 1023 m
440 985 480 1024 C.
514 988 589 1025 68:
622 986 778 1040 φαμένη
810 980 856 1025 οὔ
886 987 1150 1036 γινώσκειν·

310 1085 318 1093 .
349 1055 410 1092 m
440 1056 479 1093 C.
514 1058 587 1094 69:
620 1052 777 1109 φαμένη
808 1054 1137 1095 κινδυνεύσειν
1170 1053 1361 1109 μεγάλως·

310 1155 318 1163 .
348 1124 409 1162 ΙΠ
445 1124 484 1163 O.
520 1128 590 1164 74:
631 1120 928 1180 ὒπισχνεῦμενοι
956 1125 1007 1165 τὰ
1036 1126 1159 1165 πάντα
1196 1121 1233 1165 οἱ
1263 1125 1381 1180 μυρία
1418 1114 1612 1170 δώσειν,
1651 1127 1710 1161 et:

179 1191 474 1248 ὑποσχνομένου
506 1193 549 1234 δὲ
582 1219 636 1223 —
667 1197 886 1250 ποιήσειν
918 1200 1049 1235 ταῦτα·

293 1266 318 1304 1.
350 1266 411 1304 m
442 1266 481 1304 C.
518 1269 618 1305 122:
651 1258 793 1314 ἐπίδαξ
812 1264 961 1314 πολλὰς
992 1265 1096 1319 ἔχων
1128 1290 1182 1294 -
1214 1263 1387 1318 ἄρξειν·

293 1337 319 1374 1.
350 1336 411 1375 ΙΠ
442 1336 482 1375 C.
518 1339 618 1377 133:
651 1333 672 1377 ὁ
704 1335 747 1376 δὲ
779 1337 856 1390 φὰς
886 1332 994 1388 ι’)γιέα
1024 1338 1254 1392 ποιήσειν·

294 1408 319 1446 l.
350 1408 411 1446 ΠΙ
443 1408 482 1447 C.
519 1411 619 1448 134:
653 1409 777 1447 πάντα
808 1432 862 1436 -
894 1410 1067 1462 ποιήσειν
1098 1405 1269 1462 εἴρηκας.

294 1478 377 1515 lam
430 1481 644 1528 sequuntur
696 1479 884 1528 exempla,
934 1490 1032 1528 quae
1078 1481 1309 1517 structuram
1352 1477 1579 1516 nominativi
1623 1488 1714 1515 cum

179 1548 366 1586 infinitivo
403 1548 605 1587 exhibent:
645 1549 670 1586 1.
709 1548 730 1587 I
768 1549 807 1587 C.
848 1551 922 1588 56:
962 1546 1127 1593 ἐλπίζων
1160 1571 1214 1575 -
1246 1542 1327 1587 οὐδ’
1360 1545 1414 1587 ὧν
1446 1542 1590 1595 αὐτὸς
1620 1541 1712 1586 οὐδὲ

180 1615 216 1657 οἱ
245 1616 286 1662 ἐξ
317 1614 438 1658 αὐτοῦ
469 1619 694 1658 παὺσεσθαί
730 1631 823 1659 κοτε
860 1625 930 1675 τῆς
960 1616 1100 1674 ἀρχῆς·
1146 1621 1219 1658 1100
1253 1620 1335 1658 1000
1365 1632 1442 1657 non
1474 1620 1599 1657 solum
1627 1631 1713 1668 pro-

179 1701 337 1728 nomen:
386 1684 502 1738 αὒτός
519 1720 528 1737 ,
580 1691 681 1741 quod
717 1703 739 1729 a
776 1690 993 1741 participio:
1041 1688 1205 1736 ἐλπίζων
1241 1690 1460 1736 attrahitur,
1498 1690 1566 1728 sed
1596 1689 1714 1728 etiam

179 1760 336 1797 locutio:
376 1756 413 1798 οἱ
449 1758 491 1804 ἐξ
529 1755 648 1799 αὐτοῦ
678 1761 957 1799 nominativum
986 1762 1130 1809 induit,
1165 1773 1254 1799 cum
1283 1761 1436 1810 proprie
1468 1760 1714 1806 scribendum

181 1830 248 1868 sit:
280 1829 393 1878 τοὺς
423 1827 464 1875 ἐξ
495 1825 628 1869 αὐτοῦ·
667 1831 692 1869 1.
723 1831 743 1869 Ι
775 1831 814 1869 C.
851 1834 951 1870 112:
985 1827 1006 1870 ὁ
1038 1829 1081 1870 δὲ
1113 1825 1184 1870 οὐκ
1207 1829 1284 1884 ἔφη
1306 1827 1387 1878 οἷός
1406 1830 1439 1869 τ’
1462 1826 1559 1869 εἶναι
1580 1826 1711 1877 ἄλλως

180 1895 280 1939 αὐτὰ
305 1897 457 1947 ποιέειν,
489 1901 556 1939 ubi
576 1901 788 1940 cavendum
808 1905 878 1950 est,
907 1913 957 1940 ne
987 1914 1077 1940 cum
1106 1900 1348 1951 Matthiaeo2)
1377 1901 1570 1939 eiusmodi
1589 1900 1713 1938 nomi-

179 1971 326 2009 nativos
345 1972 470 2010 velut:
493 1968 573 2019 οἷός
593 1983 636 2010 τε
656 1984 724 2021 pro
745 1972 914 2010 subiecto
935 1972 1209 2010 enuntiationis
1230 1971 1478 2010 secundariae
1493 1972 1716 2020 habeamus,

180 2052 268 2079 cum
310 2053 444 2080 revera
489 2042 567 2080 sint
610 2042 950 2081 determinationes
994 2045 1144 2081 tantum
1187 2042 1483 2093 praedicativae,
1527 2042 1567 2079 id
1611 2041 1715 2091 quod

180 2111 397 2151 luculenter
433 2107 591 2162 apparet
627 2125 649 2151 e
685 2113 781 2151 locis
817 2113 945 2163 paullo
975 2117 1063 2151 ante
1093 2113 1232 2161 allatis,
1262 2114 1330 2151 ubi
1359 2117 1399 2151 et
1429 2113 1645 2150 subiectum
1674 2115 1715 2150 et

179 2182 433 2232 praedicativa
462 2183 728 2222 determinatio
758 2183 912 2222 omnino
947 2183 1080 2222 defuit.
1317 2171 1322 2175 Γ

295 2253 445 2291 Deinde
476 2254 799 2292 commemorandi
830 2257 920 2291 sunt
948 2254 990 2291 hi
1019 2254 1112 2291 loci:
1145 2254 1169 2290 1.
1194 2254 1214 2291 Ι
1242 2254 1282 2291 C.
1309 2256 1408 2292 113:
1443 2249 1715 2291 ἀποδεικνυναι

180 2319 256 2375 ἔφη
288 2320 481 2376 ἕτοιμος
512 2319 621 2362 εἶναι·

294 2393 320 2430 l.
352 2393 392 2431 Π
423 2393 463 2432 C.
497 2396 571 2433 54:
619 2392 773 2445 ἔφασαν
820 2417 874 2421 -—
921 2389 1095 2446 ἀνευρεῖν
1142 2394 1212 2447 μὲν
1251 2390 1377 2445 σφέας
1423 2388 1468 2432 οἱ)
1515 2391 1718 2433 δυνατοὶ

179 2458 383 2511 γενέσθαι·

296 2534 321 2571 1.
352 2534 393 2572 Π
424 2534 464 2573 O.
500 2538 605 2574 160:
633 2533 787 2586 ἔφασαν
818 2531 926 2588 ἥκειν
956 2532 1399 2589 ἐπιμαθησόμενοι·

295 2602 320 2640 1.
351 2603 392 2641 Π
423 2603 451 2642 C
487 2606 589 2643 172:
622 2600 700 2659 ἤδη
730 2601 784 2643 ὧν
805 2602 882 2658 ἔφη
903 2600 1040 2654 λέγων,
1063 2600 1207 2658 ὁμοίως
1229 2599 1370 2651 αὐτὸς
1390 2609 1442 2658 τῷ
1464 2602 1714 2659 ποδανιπτῆρι

180 2670 424 2726 πεπρηγέναι·

292 775 308 1162 μ-ιι-ιι-σν-ιι-ιῌ

273 2773 301 2817 1)
327 2750 692 2812 Αιῑοὴῃῖῌῖᾱηοιι.
719 2776 762 2811 ad
785 2776 820 2812 h.
845 2776 869 2811 1.

274 2832 303 2875 2)
327 2833 513 2870 Matthiae:
538 2836 720 2870 Ausfiihrl.
746 2836 877 2880 griech.
904 2836 1116 2870 Grammatik
1141 2838 1161 2881 ἓ
1185 2836 1263 2870 536.
