1978 3194
905 133 1094 193 *Ic-25³7?
1151 191 1155 193 ,

364 269 480 308 LIII
512 270 551 309 C.
586 273 631 310 2:
663 271 979 325 προςποιεύμενοι
1011 296 1064 301 -
1096 269 1297 323 συγγενέες
1327 269 1436 313 εἶναι·

363 339 389 377 l.
420 340 480 378 III
511 340 551 379 C.
585 343 659 380 63:
692 341 772 395 φῂς
800 341 874 395 γὰρ
904 338 1014 397 ἥκειν
1046 365 1100 370 -
1132 339 1305 393 ἄγγελος·

363 410 387 448 l.
418 411 479 449 III
510 411 550 450 C.
586 414 688 451 140:
720 410 798 466 ἔφη
830 409 998 466 Δαρείου
1030 409 1234 468 εὐεργέτης
1264 410 1373 453 εἶναι·

360 481 477 519 LIII
508 481 548 520 O.
585 484 684 521 144:
717 477 957 523 ὃπόσπονδοί
985 495 1030 523 τε
1060 482 1213 536 ἔφασαν
1244 480 1342 523 εἶναι
1371 482 1528 537 ἕτοιμοι·

362 550 477 589 LIV
508 552 686 592 0126:
720 548 756 592 εἰ
785 551 830 592 δὲ
862 554 1136 605 συγγινώσκεαι
1167 550 1265 594 εἶναι
1295 550 1444 609 ἥσσων·

361 622 386 659 l.
425 622 483 660 IV
520 622 560 661 C.
603 625 704 662 137:
752 620 933 673 λέγοντος
978 648 1032 652 -
1077 620 1168 663 οὐτε
1213 619 1359 671 αὐτὸς
1405 620 1609 677 Μιλησίων
1653 621 1781 672 οἵόςτε

242 687 410 729 ἔσεσθαι
441 688 578 745 ἄρχειν
610 687 700 732 οὔτε
731 689 852 733 ἄλλον
884 688 1027 733 οὐδένα
1056 688 1253 748 οὐδαμῶν·
1290 694 1362 733 hoc
1392 694 1550 744 quidem
1575 695 1661 733 loco
1680 695 1782 734 inter

243 772 287 798 se
318 763 498 799 contrarii
536 766 626 800 sunt
660 764 919 801 nominativus
950 760 1067 810 αὐτός
1102 767 1142 801 et
1170 764 1428 802 accusativus:
1473 760 1594 803 ἄλλον
1625 759 1780 803 οὐδένα·

360 831 459 869 LIV
476 832 515 870 C.
537 835 639 872 145:
670 829 707 872 οἱ
731 831 774 873 δὲ
798 832 951 886 ἔφασαν
973 828 1046 872 ὐπὸ
1067 830 1285 884 Πελασγῶν
1309 830 1779 889 ἐκβληθέντεςῆκειν·

360 901 384 938 1.
406 902 444 937 V
472 902 512 940 C.
535 905 609 940 42:
653 898 739 941 εὐτε
770 900 948 942 ἐπίστατο
981 926 1034 931 ——
1066 899 1210 951 αὐτὸς
1240 905 1439 958 σχήσων
1466 903 1538 958 τὴν
1560 901 1779 959 βασιληίην·

359 972 383 1009 1.
415 972 454 1009 V
484 972 523 1011 O.
559 975 611 1013 92
643 985 695 1027 η;
729 969 821 1013 οὐτε
852 970 1061 1028 σημανέειν
1092 970 1216 1029 ἔφηὴ
1238 970 1421 1014 Μέλισσα
1442 972 1671 1027 ἐπιφανεῖσα
1692 971 1779 1014 οὔτε

241 1038 463 1095 καρτερέειν
497 1066 551 1071 -
584 1038 713 1096 ῥιγοῦν
744 1055 785 1083 τε
815 1043 889 1097 γὰρ
919 1043 987 1084 καὶ
1017 1041 1115 1085 εἶναι
1143 1046 1311 1100 γυμνή·

359 1113 383 1149 1.
416 1113 473 1150 VI
504 1114 532 1151 C
557 1116 628 1152 92:
661 1111 861 1152 Σικυώνιοι
892 1115 962 1167 μὲν
982 1119 1051 1153 νῦν
1073 1116 1297 1164 συγγνόντες
1318 1112 1500 1169 ἀδικῆσαι
1521 1112 1779 1169 ὡμολόγησαν

243 1178 385 1223 ἑκατὸν
415 1180 586 1223 τάλαντα
616 1179 905 1233 ἐκτίσαντες
936 1180 1134 1240 ἀζήμιοι
1164 1182 1273 1226 εἶναι·

359 1253 384 1290 l.
423 1254 481 1291 IV
518 1254 558 1292 C.
610 1257 710 1293 107:
765 1253 1005 1306 συνεβάλετο
1059 1252 1112 1294 ὧν
1154 1245 1214 1282 ’-
1256 1253 1510 1295 κατελθὼν
1553 1255 1620 1294 καὶ
1668 1251 1781 1295 ἀνα-

242 1324 532 1376 σωσάμενος
563 1347 617 1351 -
648 1320 905 1378 τελευτήσειν·

359 1393 384 1431 1.
415 1393 493 1431 VII
524 1393 564 1432 C.
601 1396 700 1434 103:
732 1394 780 1434 σὺ
812 1395 890 1450 φῂς
921 1417 976 1423 -
1007 1392 1239 1447 βασιλεὺς
1269 1389 1412 1441 αὐτὸς
1441 1391 1640 1446 γενέσθαι·

357 1465 382 1502 l.
415 1465 492 1503 VH
524 1466 563 1504 C.
600 1464 701 1505 104:
734 1460 948 1520 ὑπίσχομαι
978 1462 1082 1511 οἷός
1110 1478 1161 1505 τε
1192 1463 1301 1505 εἶναι·

356 1535 382 1573 l.
415 1535 494 1574 VII
526 1535 565 1575 C.
602 1538 702 1576 136:
736 1531 809 1575 οὐκ
838 1534 913 1590 ἔφη
946 1532 1115 1590 ὅμοιος
1144 1534 1322 1576 ἔσεσθαι·

356 1606 381 1642 l.
413 1606 491 1643 VII
522 1606 562 1644 C.
598 1609 701 1645 168:
734 1605 887 1660 ἔφασαν
919 1604 1123 1660 πληρῶσαι
1154 1629 1209 1634 —-
1241 1602 1313 1645 ὑπὸ
1344 1605 1387 1645 δὲ
1415 1603 1599 1660 ἐτησιέων
1620 1603 1777 1659 ἀνέμων

240 1697 295 1702 ——
327 1669 400 1714 οὐκ
429 1671 522 1714 οἷοί
552 1686 601 1715 τε
630 1671 877 1726 γενέσθαι·

355 1746 380 1783 1.
412 1746 500 1783 VH.
534 1746 573 1784 C.
608 1749 710 1786 206:
744 1745 799 1791 ὣς
829 1744 872 1785 δὲ
902 1746 970 1785 καὶ
1000 1743 1036 1785 οἱ
1066 1745 1191 1786 λοιποὶ
1220 1752 1298 1786 τῶν
1330 1747 1551 1801 συμμάχων
1589 1740 1777 1786 ἐνένωντο

238 1814 305 1854 καὶ
335 1810 473 1856 αὐτοὶ
504 1814 621 1869 ἕτερα
649 1820 812 1856 τοιαῦτα
841 1818 1028 1871 ποιήσειν·

354 1887 380 1924 1.
402 1887 489 1925 VH.
512 1888 553 1926 G.
578 1890 679 1926 222:
716 1886 755 1926 οἳ
773 1883 847 1926 οὐκ
867 1887 1021 1940 ἔφασαν
1044 1884 1362 1936 ἀπολιπόντες
1384 1911 1439 1916 -
1461 1884 1775 1933 ἀπαλλάξεσθαι·

354 1958 379 1996 l.
411 1958 520 1997 Vm.
552 1958 592 1997 C.
627 1961 700 1998 29:
732 1956 1026 2013 γνωσιμαχέετε
1057 1958 1111 2012 μὴ
1143 1954 1239 1997 εἶναι
1270 1954 1425 2013 ὅμοιοι
1453 1954 1557 2013 ἡμῖν·

356 2028 380 2065 1.
419 2029 526 2066 VIII.
568 2029 607 2067 C.
653 2033 752 2068 116:
801 2026 844 2077 ὃς
881 2025 973 2069 οὐτε
1012 2024 1129 2076 αὐτός
1165 2027 1241 2083 ἔφη
1273 2034 1328 2082 τῷ
1366 2025 1494 2082 Ξέρξῃ
1525 2025 1646 2068 ἑκὼν
1679 2026 1776 2068 εἶναι

237 2096 475 2138 δουλεύσειν·
1396 2085 1402 2089 ’

354 2169 379 2206 1.
411 2169 519 2207 VIII.
560 2169 599 2207 C.
636 2172 737 2209 137:
786 2166 822 2209 οἱ
867 2168 909 2209 δὲ
955 2170 1022 2210 τὸν
1069 2169 1212 2224 μισθὸν
1258 2168 1411 2223 ἔφασαν
1458 2167 1639 2209 δίκαιοι
1678 2166 1776 2209 εἶναι

236 2236 575 2291 ἀπολαβόντες
606 2236 709 2280 οὕτω
741 2236 890 2285 ἐξιέναι·

352 2310 378 2348 l.
409 2310 478 2349 IX.
511 2310 551 2350 C.
586 2314 630 2350 7:
663 2305 709 2350 οὐ
741 2311 812 2365 μὲν
844 2305 935 2350 οὐδὲ
967 2306 1263 2364 ὁμολογήσομεν
1296 2306 1493 2358 ἑκόντες
1523 2306 1632 2350 εἶναι·

352 2381 377 2417 1.
407 2381 476 2418 ΙΧ.
509 2381 549 2418 C.
585 2383 658 2419 16:
692 2379 768 2434 ἔφη
800 2378 844 2418 δὲ
875 2376 896 2418 ὁ
928 2376 1176 2431 Θέρσανδρος
1205 2378 1407 2434 κληθῆναι
1436 2379 1503 2418 καὶ
1533 2375 1688 2426 αὐτός.

352 2450 555 2490 Praeterea
600 2450 700 2489 illud
738 2462 891 2501 quoquc
930 2450 1162 2489 monendmn
1199 2454 1270 2499 est,
1309 2454 1539 2490 structuram
1568 2449 1774 2490 accusativi

234 2534 324 2559 cum
373 2522 563 2559 infinitivo
614 2521 769 2571 saepius
819 2520 1028 2558 admissam
1079 2532 1185 2569 esse,
1242 2521 1310 2559 ubi
1357 2521 1510 2572 proprie
1561 2520 1775 2560 secundum

233 2592 470 2631 attractionis
500 2592 609 2641 leges
644 2591 863 2642 postuletur
899 2591 1156 2630 nominativus
1193 2592 1257 2630 vel
1286 2592 1489 2641 genetivus
1519 2592 1583 2631 vel
1612 2591 1773 2637 dativus,

233 2663 341 2700 velut
370 2663 412 2700 in
441 2663 466 2700 1.
499 2662 527 2700 Ι.
561 2662 600 2701 C.
635 2665 709 2702 34:
744 2658 802 2701 ὅτι
833 2659 990 2715 ἐνόμισε
1021 2658 1199 2702 έωυτὸν
1231 2658 1327 2702 εἶναι
1349 2658 1570 2715 ἀνθρώπων
1592 2657 1773 2701 ἁπάντων

234 2728 523 2784 ὀλβιώτατονὶ),
545 2733 612 2771 ubi
632 2745 719 2783 pro:
753 2727 872 2779 αὐτός
903 2732 1119 2770 subiectum
1147 2728 1306 2779 ἑωυτόν,
1328 2732 1461 2783 quod
1451 2744 1528 2771 iam
1558 2732 1775 2771 continetur

353 2835 381 2877 1)
407 2810 591 2869 Matthiae:
618 2834 799 2869 Ausfiihrl.
827 2834 958 2878 gnech.
986 2834 1213 2879 Grammatik‚
1238 2836 1258 2880 ξ
1283 2834 1351 2869 536
1377 2845 1406 2869 c.
