1978 3194
357 257 558 308 Imprimis
587 269 679 297 vero
709 257 901 306 Kruegeri
930 256 979 295 de
1006 256 1231 295 attractione
1261 243 1525 295 adnotationes
1545 255 1677 305 magni
1698 257 1790 294 sunt

240 328 516 375 aestimandae,
559 328 649 377 quia
684 339 763 365 non
801 326 926 364 solum
963 314 1005 363 in
1042 326 1309 364 attractionem
1352 326 1592 376 pronominis
1636 325 1789 363 relativi

241 398 455 449 inquisivit,
488 398 556 437 sed
571 398 688 437 etiam
718 397 875 435 disertis
895 396 1028 435 verbis
1058 396 1167 435 illius
1191 400 1407 435 structurae
1427 397 1665 435 mentionem
1684 395 1788 444 fecit,

242 469 310 507 ubi
340 469 439 507 duae
470 468 752 506 enuntiationes
781 478 851 516 per
880 478 1029 505 meram
1058 467 1229 504 nominis
1258 466 1423 505 alicuius
1452 465 1789 516 transpositionem

244 541 286 578 in
314 552 433 578 unam
463 539 693 586 coalescunt,
723 538 776 576 ita
806 538 965 588 quidem
995 541 1039 576 ut
1067 550 1211 576 nomen
1240 542 1307 576 aut
1337 550 1388 576 ex
1418 538 1615 576 enuntiato
1648 549 1795 575 secun-

244 610 350 648 dario
379 610 421 647 in
450 608 676 659 primarium
706 612 772 646 aut
801 620 823 646 e
852 608 1033 658 primario
1064 608 1105 645 in
1137 608 1410 646 secundarium
1440 608 1656 658 recipiatur.

363 679 602 718 Sententiam
637 679 823 716 nimirum
860 679 1073 729 oppositam
1118 679 1176 717 eis
1214 691 1313 729 quae
1351 679 1610 717 Buttmannus
1648 682 1688 716 et
1723 678 1790 715 alii

245 751 293 789 (le
330 750 554 788 attractione
593 749 816 796 docuerunt,
854 749 1132 797 Bernhardyus
1147 749 1177 799 1)
1223 749 1264 786 in
1301 750 1475 787 medium
1512 749 1679 799 protulit,
1722 749 1790 798 qui

246 819 434 869 singulari
464 819 629 869 quodam
661 819 789 857 studio
819 821 858 857 et
879 830 924 857 eo
955 831 1030 868 quo
1047 823 1129 857 erat
1159 820 1336 858 acumine
1352 819 1587 858 attractionis
1613 822 1790 857 naturam

243 890 369 940 qualis
399 893 506 927 essct
534 889 576 926 in
607 889 773 938 singulis
794 889 970 928 dialectis
1001 890 1151 938 graecis
1181 889 1364 939 indagare
1395 892 1554 927 conatus
1584 891 1655 927 est.
1686 888 1791 927 Dicit

245 964 375 999 autem
404 960 666 998 attractionem
698 960 964 998 tantummodo
995 972 1066 1009 per
1095 972 1271 998 normam
1300 961 1394 997 artis
1424 959 1637 998 rhetoricae
1667 959 1795 1008 expli--

246 1030 409 1070 candem
446 1041 553 1078 esse,
590 1041 680 1068 cum
709 1029 971 1068 Buttmannus
1008 1030 1274 1068 attractionem
1310 1030 1352 1067 in
1388 1030 1517 1080 ellipsi
1553 1029 1791 1079 pronominis

245 1101 539 1140 demonstrativi
568 1101 733 1150 positam
763 1112 852 1138 esse
884 1100 1030 1138 doceat.

365 1170 409 1210 G.
442 1170 598 1209 Curtius
611 1169 642 1220 2)
673 1170 813 1209 deinde
844 1170 892 1208 de
913 1170 1150 1209 attractionis
1176 1170 1305 1209 indole
1324 1170 1494 1208 breviter
1514 1173 1553 1208 et
1572 1169 1793 1208 luculenter

248 1242 408 1292 exponit
422 1241 611 1290 docetque
627 1253 716 1278 cum
731 1241 957 1279 attractione
974 1241 1130 1291 saepius
1151 1241 1450 1278 contractionem
1472 1241 1661 1290 quandam
1680 1240 1732 1290 (V
1733 1252 1797 1278 er-

247 1311 438 1363 kiirzung)
455 1312 699 1350 coniunctam
715 1323 802 1350 esse
818 1312 880 1349 his
895 1313 1044 1350 verbis:
1073 1312 1145 1350 Mit
1165 1312 1234 1350 der
1247 1312 1460 1349 Attraction
1474 1312 1527 1349 ist
1542 1311 1673 1361 haufig
1693 1312 1793 1349 noch

248 1384 314 1422 ein
343 1383 507 1420 anderer
527 1381 713 1430 Vorgang
738 1382 976 1428 verbunden,
1008 1382 1071 1419 die
1092 1381 1360 1429 Verkiirzung,
1391 1381 1525 1419 indem
1553 1381 1623 1419 der
1642 1381 1793 1418 Artikel

249 1455 342 1493 oder
373 1454 442 1492 das
471 1452 999 1491 Demonstrativ-Pronomen
1031 1452 1299 1501 weggelassen
1329 1452 1409 1489 und
1440 1452 1509 1490 das
1539 1452 1693 1491 Relativ
1722 1452 1798 1490 mit

251 1525 341 1562 dem
371 1523 516 1570 Worte,
547 1523 698 1560 worauf
725 1533 768 1560 es
799 1522 1069 1569 zurUckweist,
1099 1522 1140 1558 in
1172 1522 1286 1559 einen
1317 1522 1495 1570 einzigen
1526 1522 1613 1560 Satz
1645 1533 1795 1560 zusam-

249 1604 514 1642 mengezogen
551 1592 661 1629 Wird.
721 1591 815 1629 War
852 1592 921 1631 das
950 1591 1071 1640 Wort,
1110 1592 1178 1629 auf
1211 1591 1382 1629 welches
1419 1592 1488 1629 das
1518 1592 1671 1630 Relativ
1709 1592 1793 1630 sich

247 1665 387 1712 bezog,
434 1663 498 1701 ein
542 1662 692 1700 blosses
730 1662 965 1709 Pronomen,
1013 1673 1054 1699 so
1098 1661 1219 1699 bleibt
1255 1662 1358 1699 dann
1394 1662 1463 1700 das
1507 1662 1660 1700 Relativ
1697 1674 1799 1714 ganz

250 1736 379 1783 aliem,
412 1735 515 1772 steht
544 1735 636 1771 aber
665 1734 707 1771 in
737 1734 826 1771 dem
858 1733 991 1780 Casus,
1031 1734 1208 1771 welchen
1245 1734 1314 1771 das
1344 1734 1631 1772 Demonstrativ
1667 1735 1792 1772 haben

251 1810 419 1845 miisste:
466 1804 574 1843 velut
618 1804 659 1841 in
697 1804 770 1842 hoc
807 1804 1020 1842 enuntiato:
1071 1802 1273 1857 μέμνησθε
1313 1800 1359 1843 οὖ
1399 1799 1633 1857 ὀμωμόκατε
1673 1800 1794 1856 ὅρκοι)

251 1889 340 1926 pro:
394 1872 601 1929 μέμνησθε
652 1877 717 1912 τοῦ
769 1869 888 1926 ὅρκου
940 1869 986 1912 οὔ
1039 1870 1283 1928 ὀμωμόκατε.
1359 1874 1569 1924 Postquam
1620 1874 1796 1924 singulas

252 1946 488 1984 attractionis
525 1945 635 1993 leges
672 1944 811 1991 attulit⁷
850 1944 898 1981 de
929 1935 1165 1991 attractione,
1198 1957 1312 1994 quam
1348 1944 1608 1982 Buttmannus
1645 1946 1795 1994 primus

253 2017 369 2055 dixit:
418 2015 656 2063 „inversam“
695 2014 791 2052 haec
835 2014 951 2052 verba
995 2014 1103 2053 facit:
1153 2014 1251 2053 Eine
1288 2015 1544 2064 umgekehrte
1583 2014 1798 2053 Attraction

252 2087 408 2124 besteht
437 2086 559 2131 darin,
591 2085 680 2121 dass
711 2085 775 2121 ein
805 2084 956 2121 Nomen
989 2085 1081 2121 oder
1118 2085 1335 2122 Pronomen
1372 2086 1414 2122 in
1450 2086 1528 2123 den
1565 2085 1687 2122 Casus
1725 2085 1797 2122 des

252 2155 391 2194 darauf
419 2154 788 2192 zuriiclweisenden
818 2154 990 2192 Relativs
1021 2154 1200 2193 iibertritt
1232 2178 1286 2182 —
1317 2155 1443 2193 velut:
1483 2154 1550 2208 τὴν
1581 2149 1717 2194 οὐσίαν
1748 2149 1798 2207 ἦν

251 2224 434 2264 ’κατέλιπε
466 2230 517 2276 τῷ
549 2220 626 2262 υἱεῖ
652 2219 697 2261 οἷ)
729 2222 904 2267 πλείονος
937 2220 1025 2267 ἀξία
1058 2220 1171 2263 ἐστίν.

373 2295 627 2335 Steinthalius
640 2293 670 2342 3)
702 2294 868 2344 denique
901 2295 1093 2333 subtiliter
1123 2295 1171 2333 de
1201 2296 1436 2333 attractionis
1458 2299 1594 2333 natura
1614 2293 1798 2331 disseruit

251 2371 508 2416 veterumque
559 2365 912 2414 giammaticOrum‚
957 2365 1159 2415 praecipue
1213 2365 1257 2404 Gr.
1288 2366 1512 2414 Hermam,
1565 2363 1798 2402 sententiam

253 2438 459 2478 refutavit:
491 2437 757 2474 attractionem
776 2448 845 2485 pro
865 2436 1058 2474 idiotismo
1080 2437 1236 2485 ling-uae
1255 2437 1471 2474 habendam
1501 2447 1602 2483 esse,
1632 2435 1694 2472 his
1713 2445 1799 2471 ver-

397 2589 425 2629 1)
452 2588 494 2621 cf.
509 2586 732 2630 Bernhardy:
748 2585 1030 2619 Wissenschaftl.
1042 2585 1177 2629 Syntax
1191 2587 1252 2620 dei·
1265 2586 1396 2630 griech.
1412 2585 1577 2629 sprache,
1591 2595 1624 2627 p.
1639 2582 1707 2617 ‘299
1722 2591 1796 2625 sqq.

396 2659 424 2700 2)
451 2658 490 2692 Gr.
518 2657 678 2692 Curtius:
706 2656 845 2690 Griech.
872 2655 1189 2700 Schulgrammatik
1218 2659 1238 2702 ξ
1263 2656 1330 2690 597
1357 2667 1431 2700 sqq.

395 2729 424 2771 31)
451 2729 493 2763 cf.
541 2727 747 2762 Zeitschrift
788 2728 845 2761 fiir
888 2726 1249 2772 Volkerpsychologie
1294 2727 1366 2761 und
1406 2720 1802 2770 Sp1·achwissenschaft7

251 2800 351 2835 Band
376 2800 405 2841 Ι,ι
431 2811 463 2843 p.
492 2799 569 2834 100.
