<?xml version="1.0" encoding="UTF-8"?>
<!DOCTYPE html PUBLIC "-//W3C//DTD XHTML 1.0 Transitional//EN"
    "http://www.w3.org/TR/xhtml1/DTD/xhtml1-transitional.dtd">
<html xmlns="http://www.w3.org/1999/xhtml" xml:lang="en" lang="en">
 <head>
  <title>
</title>
<meta http-equiv="Content-Type" content="text/html;charset=utf-8" />
  <meta name='ocr-system' content='tesseract 3.04.00' />
  <meta name='ocr-capabilities' content='ocr_page ocr_carea ocr_par ocr_line ocrx_word'/>
</head>
<body>
  <div class='ocr_page' id='page_1' title='image "./4625149_0040.png"; bbox 0 0 1978 3194; ppageno 0'>
   <div class='ocr_carea' id='block_1_1' title="bbox 913 176 1035 234">
    <p class='ocr_par' dir='ltr' id='par_1_1' title="bbox 913 176 1035 234">
     <span class='ocr_line' id='line_1_1' title="bbox 913 176 1035 234; baseline 0 0"><span class='ocrx_word' id='word_1_1' title='bbox 913 232 922 234; x_wconf 83' lang='grc'>-</span> <span class='ocrx_word' id='word_1_2' title='bbox 974 176 1035 234; x_wconf 55' lang='lat'>32„</span> 
     </span>
    </p>
   </div>
   <div class='ocr_carea' id='block_1_2' title="bbox 217 310 1766 846">
    <p class='ocr_par' dir='ltr' id='par_1_2' title="bbox 217 310 1766 846">
     <span class='ocr_line' id='line_1_2' title="bbox 225 310 1765 369; baseline 0.001 -18"><span class='ocrx_word' id='word_1_3' title='bbox 225 314 477 363; x_wconf 80' lang='lat' dir='ltr'>propositam:</span> <span class='ocrx_word' id='word_1_4' title='bbox 526 310 567 352; x_wconf 84' lang='grc' dir='ltr'>αἱ</span> <span class='ocrx_word' id='word_1_5' title='bbox 597 312 640 352; x_wconf 87' lang='grc' dir='ltr'>δὲ</span> <span class='ocrx_word' id='word_1_6' title='bbox 672 312 814 369; x_wconf 84' lang='grc' dir='ltr'>στῆλαι</span> <span class='ocrx_word' id='word_1_7' title='bbox 846 337 899 341; x_wconf 89' lang='grc'>-</span> <span class='ocrx_word' id='word_1_8' title='bbox 938 315 1146 365; x_wconf 79' lang='lat' dir='ltr'>amplectar</span> <span class='ocrx_word' id='word_1_9' title='bbox 1181 315 1321 353; x_wconf 84' lang='lat' dir='ltr'>adduci</span> <span class='ocrx_word' id='word_1_10' title='bbox 1357 327 1435 353; x_wconf 90' lang='lat' dir='ltr'>non</span> <span class='ocrx_word' id='word_1_11' title='bbox 1471 327 1641 365; x_wconf 86' lang='lat' dir='ltr'>possum,</span> <span class='ocrx_word' id='word_1_12' title='bbox 1676 328 1765 354; x_wconf 92' lang='lat' dir='ltr'>cum</span> 
     </span>
     <span class='ocr_line' id='line_1_3' title="bbox 227 384 1766 440; baseline 0.002 -19"><span class='ocrx_word' id='word_1_13' title='bbox 227 384 368 422; x_wconf 85' lang='lat' dir='ltr'>similis</span> <span class='ocrx_word' id='word_1_14' title='bbox 388 385 496 422; x_wconf 88' lang='lat' dir='ltr'>locus</span> <span class='ocrx_word' id='word_1_15' title='bbox 516 384 736 423; x_wconf 74' lang='lat' dir='ltr'>inveniatur</span> <span class='ocrx_word' id='word_1_16' title='bbox 763 385 805 422; x_wconf 90' lang='lat' dir='ltr'>in</span> <span class='ocrx_word' id='word_1_17' title='bbox 825 385 850 422; x_wconf 95' lang='grc'>1.</span> <span class='ocrx_word' id='word_1_18' title='bbox 874 385 953 423; x_wconf 79' lang='lat' dir='ltr'>VH</span> <span class='ocrx_word' id='word_1_19' title='bbox 984 385 1024 423; x_wconf 86' lang='lat' dir='ltr'>C.</span> <span class='ocrx_word' id='word_1_20' title='bbox 1060 388 1159 424; x_wconf 88' lang='lat'>130:</span> <span class='ocrx_word' id='word_1_21' title='bbox 1192 384 1259 424; x_wconf 86' lang='grc' dir='ltr'>τὸν</span> <span class='ocrx_word' id='word_1_22' title='bbox 1289 384 1363 437; x_wconf 86' lang='grc' dir='ltr'>γὰρ</span> <span class='ocrx_word' id='word_1_23' title='bbox 1393 384 1572 438; x_wconf 87' lang='grc' dir='ltr'>ποταμὸν</span> <span class='ocrx_word' id='word_1_24' title='bbox 1603 390 1766 440; x_wconf 82' lang='grc' dir='ltr'>πρῆγμα</span> 
     </span>
     <span class='ocr_line' id='line_1_4' title="bbox 226 448 1763 510; baseline 0.002 -18"><span class='ocrx_word' id='word_1_25' title='bbox 226 448 273 492; x_wconf 82' lang='grc' dir='ltr'>ἂν</span> <span class='ocrx_word' id='word_1_26' title='bbox 303 450 354 508; x_wconf 84' lang='grc' dir='ltr'>ἧν</span> <span class='ocrx_word' id='word_1_27' title='bbox 383 458 527 508; x_wconf 84' lang='grc' dir='ltr'>μοῦνον</span> <span class='ocrx_word' id='word_1_28' title='bbox 559 450 781 494; x_wconf 81' lang='grc' dir='ltr'>ἐπεῖναι-</span> <span class='ocrx_word' id='word_1_29' title='bbox 802 452 1110 510; x_wconf 75' lang='grc' dir='ltr'>παρατρέψαντα</span> <span class='ocrx_word' id='word_1_30' title='bbox 1141 453 1196 494; x_wconf 83' lang='grc' dir='ltr'>δι’</span> <span class='ocrx_word' id='word_1_31' title='bbox 1229 451 1290 495; x_wconf 85' lang='grc' dir='ltr'>ὧν</span> <span class='ocrx_word' id='word_1_32' title='bbox 1320 459 1388 495; x_wconf 82' lang='grc' dir='ltr'>νῦν</span> <span class='ocrx_word' id='word_1_33' title='bbox 1421 450 1499 508; x_wconf 87' lang='grc' dir='ltr'>ῥέει</span> <span class='ocrx_word' id='word_1_34' title='bbox 1531 450 1763 508; x_wconf 79' lang='grc' dir='ltr'><strong>ῥεέθρων,</strong></span> 
     </span>
     <span class='ocr_line' id='line_1_5' title="bbox 226 525 1764 576; baseline 0.001 -14"><span class='ocrx_word' id='word_1_35' title='bbox 226 536 323 574; x_wconf 87' lang='lat' dir='ltr'>quae</span> <span class='ocrx_word' id='word_1_36' title='bbox 354 526 481 574; x_wconf 74' lang='lat' dir='ltr'>verba,</span> <span class='ocrx_word' id='word_1_37' title='bbox 520 529 562 564; x_wconf 92' lang='lat' dir='ltr'>ut</span> <span class='ocrx_word' id='word_1_38' title='bbox 598 526 676 563; x_wconf 85' lang='lat' dir='ltr'>iam</span> <span class='ocrx_word' id='word_1_39' title='bbox 707 525 1101 576; x_wconf 85' lang='lat' dir='ltr'>Schweighaeuserus</span> <span class='ocrx_word' id='word_1_40' title='bbox 1137 526 1342 572; x_wconf 83' lang='lat' dir='ltr'>intellexit,</span> <span class='ocrx_word' id='word_1_41' title='bbox 1379 538 1430 564; x_wconf 86' lang='lat' dir='ltr'>ex</span> <span class='ocrx_word' id='word_1_42' title='bbox 1465 526 1537 563; x_wconf 89' lang='lat' dir='ltr'>hac</span> <span class='ocrx_word' id='word_1_43' title='bbox 1573 528 1764 563; x_wconf 76' lang='lat' dir='ltr'>structura</span> 
     </span>
     <span class='ocr_line' id='line_1_6' title="bbox 224 590 1762 649; baseline 0.001 -17"><span class='ocrx_word' id='word_1_44' title='bbox 224 595 415 645; x_wconf 79' lang='lat' dir='ltr'>originem</span> <span class='ocrx_word' id='word_1_45' title='bbox 451 596 664 635; x_wconf 83' lang='lat' dir='ltr'>duxerunt:</span> <span class='ocrx_word' id='word_1_46' title='bbox 702 594 1011 649; x_wconf 78' lang='grc' dir='ltr'>παρατρέψαντα</span> <span class='ocrx_word' id='word_1_47' title='bbox 1040 596 1091 636; x_wconf 83' lang='grc' dir='ltr'>τὰ</span> <span class='ocrx_word' id='word_1_48' title='bbox 1121 591 1272 649; x_wconf 77' lang='grc' dir='ltr'>ῥέεθρα</span> <span class='ocrx_word' id='word_1_49' title='bbox 1302 591 1346 635; x_wconf 82' lang='grc' dir='ltr'>δι’</span> <span class='ocrx_word' id='word_1_50' title='bbox 1381 592 1435 635; x_wconf 82' lang='grc' dir='ltr'>ὢν</span> <span class='ocrx_word' id='word_1_51' title='bbox 1466 599 1532 635; x_wconf 81' lang='grc' dir='ltr'>νῦν</span> <span class='ocrx_word' id='word_1_52' title='bbox 1564 590 1644 648; x_wconf 89' lang='grc' dir='ltr'>ῥέει</span> <span class='ocrx_word' id='word_1_53' title='bbox 1673 595 1697 633; x_wconf 90' lang='grc'>1.</span> <span class='ocrx_word' id='word_1_54' title='bbox 1730 607 1762 634; x_wconf 92' lang='lat' dir='ltr'>e.</span> 
     </span>
     <span class='ocr_line' id='line_1_7' title="bbox 222 665 1763 717; baseline 0.001 -14"><span class='ocrx_word' id='word_1_55' title='bbox 222 669 465 704; x_wconf 84' lang='lat' dir='ltr'>avertentem</span> <span class='ocrx_word' id='word_1_56' title='bbox 496 667 577 705; x_wconf 76' lang='lat' dir='ltr'>sive</span> <span class='ocrx_word' id='word_1_57' title='bbox 613 667 821 705; x_wconf 77' lang='lat' dir='ltr'>avertendo</span> <span class='ocrx_word' id='word_1_58' title='bbox 859 668 1008 715; x_wconf 86' lang='lat' dir='ltr'>fluvios,</span> <span class='ocrx_word' id='word_1_59' title='bbox 1044 680 1115 717; x_wconf 90' lang='lat' dir='ltr'>per</span> <span class='ocrx_word' id='word_1_60' title='bbox 1145 679 1241 717; x_wconf 89' lang='lat' dir='ltr'>quos</span> <span class='ocrx_word' id='word_1_61' title='bbox 1270 679 1374 705; x_wconf 90' lang='lat' dir='ltr'>nunc</span> <span class='ocrx_word' id='word_1_62' title='bbox 1403 667 1499 705; x_wconf 90' lang='lat' dir='ltr'>fluit.</span> <span class='ocrx_word' id='word_1_63' title='bbox 1561 665 1763 704; x_wconf 89' lang='lat' dir='ltr'>Obiectum</span> 
     </span>
     <span class='ocr_line' id='line_1_8' title="bbox 219 733 1763 790; baseline 0.001 -17"><span class='ocrx_word' id='word_1_64' title='bbox 219 737 381 785; x_wconf 85' lang='lat' dir='ltr'>quidem</span> <span class='ocrx_word' id='word_1_65' title='bbox 411 733 588 790; x_wconf 77' lang='grc' dir='ltr'>(ῥέεθρα)</span> <span class='ocrx_word' id='word_1_66' title='bbox 609 738 798 776; x_wconf 88' lang='lat' dir='ltr'>enuntiati</span> <span class='ocrx_word' id='word_1_67' title='bbox 827 738 1000 787; x_wconf 88' lang='lat' dir='ltr'>primarii</span> <span class='ocrx_word' id='word_1_68' title='bbox 1030 738 1255 787; x_wconf 68' lang='lat' dir='ltr'>genetivum</span> <span class='ocrx_word' id='word_1_69' title='bbox 1285 737 1521 788; x_wconf 80' lang='lat' dir='ltr'>pronominis</span> <span class='ocrx_word' id='word_1_70' title='bbox 1552 733 1606 776; x_wconf 85' lang='grc' dir='ltr'>ὦν</span> <span class='ocrx_word' id='word_1_71' title='bbox 1636 736 1763 775; x_wconf 90' lang='lat' dir='ltr'>induit</span> 
     </span>
     <span class='ocr_line' id='line_1_9' title="bbox 217 807 1087 846; baseline 0.001 -2"><span class='ocrx_word' id='word_1_72' title='bbox 217 809 262 844; x_wconf 52' lang='lat' dir='ltr'>‚et</span> <span class='ocrx_word' id='word_1_73' title='bbox 291 807 332 844; x_wconf 90' lang='lat' dir='ltr'>in</span> <span class='ocrx_word' id='word_1_74' title='bbox 363 808 666 846; x_wconf 79' lang='lat' dir='ltr'>enuntiationem</span> <span class='ocrx_word' id='word_1_75' title='bbox 696 808 897 846; x_wconf 76' lang='lat' dir='ltr'>relativam</span> <span class='ocrx_word' id='word_1_76' title='bbox 927 808 1087 846; x_wconf 87' lang='lat' dir='ltr'>transiit.</span> 
     </span>
    </p>
   </div>
   <div class='ocr_carea' id='block_1_3' title="bbox 205 906 1760 2713">
    <p class='ocr_par' dir='ltr' id='par_1_3' title="bbox 936 906 1054 950">
     <span class='ocr_line' id='line_1_10' title="bbox 936 906 1054 950; baseline 0 -9"><span class='ocrx_word' id='word_1_77' title='bbox 936 906 956 950; x_wconf 61' lang='grc' dir='ltr'>ξ</span> <span class='ocrx_word' id='word_1_78' title='bbox 991 906 1054 942; x_wconf 91' lang='lat'>10.</span> 
     </span>
    </p>

    <p class='ocr_par' dir='ltr' id='par_1_4' title="bbox 213 971 1760 1865">
     <span class='ocr_line' id='line_1_11' title="bbox 338 971 1760 1023; baseline 0 -14"><span class='ocrx_word' id='word_1_79' title='bbox 338 972 559 1022; x_wconf 84' lang='lat' dir='ltr'>Denique</span> <span class='ocrx_word' id='word_1_80' title='bbox 595 973 838 1022; x_wconf 85' lang='lat' dir='ltr'>reliquum</span> <span class='ocrx_word' id='word_1_81' title='bbox 878 979 970 1021; x_wconf 90' lang='lat' dir='ltr'>est,</span> <span class='ocrx_word' id='word_1_82' title='bbox 1016 976 1065 1011; x_wconf 91' lang='lat' dir='ltr'>ut</span> <span class='ocrx_word' id='word_1_83' title='bbox 1104 973 1268 1023; x_wconf 88' lang='lat' dir='ltr'>paucis</span> <span class='ocrx_word' id='word_1_84' title='bbox 1308 984 1424 1011; x_wconf 89' lang='lat' dir='ltr'>usum</span> <span class='ocrx_word' id='word_1_85' title='bbox 1462 971 1760 1022; x_wconf 81' lang='lat' dir='ltr'>praepositionis</span> 
     </span>
     <span class='ocr_line' id='line_1_12' title="bbox 220 1040 1760 1095; baseline -0.001 -14"><span class='ocrx_word' id='word_1_86' title='bbox 220 1040 262 1082; x_wconf 80' lang='grc' dir='ltr'>ἐν</span> <span class='ocrx_word' id='word_1_87' title='bbox 293 1056 362 1093; x_wconf 90' lang='lat' dir='ltr'>pro</span> <span class='ocrx_word' id='word_1_88' title='bbox 392 1041 450 1090; x_wconf 77' lang='grc' dir='ltr'>ἐκ,</span> <span class='ocrx_word' id='word_1_89' title='bbox 482 1040 561 1083; x_wconf 84' lang='grc' dir='ltr'>ἀπό</span> <span class='ocrx_word' id='word_1_90' title='bbox 594 1048 632 1082; x_wconf 92' lang='lat' dir='ltr'>et</span> <span class='ocrx_word' id='word_1_91' title='bbox 661 1044 956 1094; x_wconf 83' lang='lat' dir='ltr'>praepositionis</span> <span class='ocrx_word' id='word_1_92' title='bbox 988 1040 1042 1092; x_wconf 80' lang='grc' dir='ltr'>εἰς</span> <span class='ocrx_word' id='word_1_93' title='bbox 1072 1042 1142 1095; x_wconf 82' lang='grc' dir='ltr'>(ἐς)</span> <span class='ocrx_word' id='word_1_94' title='bbox 1172 1056 1259 1095; x_wconf 87' lang='lat' dir='ltr'>pro:</span> <span class='ocrx_word' id='word_1_95' title='bbox 1292 1041 1334 1083; x_wconf 80' lang='grc' dir='ltr'>ἐν</span> <span class='ocrx_word' id='word_1_96' title='bbox 1364 1045 1568 1093; x_wconf 84' lang='lat' dir='ltr'>usurpatae</span> <span class='ocrx_word' id='word_1_97' title='bbox 1596 1054 1760 1081; x_wconf 87' lang='lat' dir='ltr'>comme-</span> 
     </span>
     <span class='ocr_line' id='line_1_13' title="bbox 219 1113 1760 1165; baseline -0.001 -13"><span class='ocrx_word' id='word_1_98' title='bbox 219 1126 380 1163; x_wconf 88' lang='lat' dir='ltr'>morem,</span> <span class='ocrx_word' id='word_1_99' title='bbox 412 1126 529 1165; x_wconf 85' lang='lat' dir='ltr'>quem</span> <span class='ocrx_word' id='word_1_100' title='bbox 566 1116 807 1165; x_wconf 80' lang='lat' dir='ltr'>grammatici</span> <span class='ocrx_word' id='word_1_101' title='bbox 836 1115 1101 1154; x_wconf 76' lang='lat' dir='ltr'>attractionem</span> <span class='ocrx_word' id='word_1_102' title='bbox 1144 1118 1290 1164; x_wconf 84' lang='lat' dir='ltr'>vocant,</span> <span class='ocrx_word' id='word_1_103' title='bbox 1338 1114 1515 1165; x_wconf 79' lang='lat' dir='ltr'>quamvis</span> <span class='ocrx_word' id='word_1_104' title='bbox 1552 1124 1688 1152; x_wconf 78' lang='lat' dir='ltr'>revera</span> <span class='ocrx_word' id='word_1_105' title='bbox 1718 1113 1760 1151; x_wconf 90' lang='lat' dir='ltr'>in</span> 
     </span>
     <span class='ocr_line' id='line_1_14' title="bbox 219 1185 1759 1236; baseline 0.001 -14"><span class='ocrx_word' id='word_1_106' title='bbox 219 1185 444 1234; x_wconf 81' lang='lat' dir='ltr'>primariam</span> <span class='ocrx_word' id='word_1_107' title='bbox 474 1187 712 1224; x_wconf 81' lang='lat' dir='ltr'>attractionis</span> <span class='ocrx_word' id='word_1_108' title='bbox 742 1187 938 1224; x_wconf 88' lang='lat' dir='ltr'>notionem</span> <span class='ocrx_word' id='word_1_109' title='bbox 968 1199 1045 1224; x_wconf 93' lang='lat' dir='ltr'>non</span> <span class='ocrx_word' id='word_1_110' title='bbox 1077 1187 1248 1236; x_wconf 83' lang='lat' dir='ltr'>quadret.</span> <span class='ocrx_word' id='word_1_111' title='bbox 1301 1186 1404 1224; x_wconf 86' lang='lat' dir='ltr'>Talis</span> <span class='ocrx_word' id='word_1_112' title='bbox 1434 1186 1759 1235; x_wconf 85' lang='lat' dir='ltr'>praepositionum</span> 
     </span>
     <span class='ocr_line' id='line_1_15' title="bbox 220 1256 1759 1306; baseline 0.001 -14"><span class='ocrx_word' id='word_1_113' title='bbox 220 1256 380 1293; x_wconf 81' lang='lat' dir='ltr'>mutatio</span> <span class='ocrx_word' id='word_1_114' title='bbox 413 1267 566 1305; x_wconf 87' lang='lat' dir='ltr'>semper</span> <span class='ocrx_word' id='word_1_115' title='bbox 595 1256 677 1295; x_wconf 88' lang='lat' dir='ltr'>fere</span> <span class='ocrx_word' id='word_1_116' title='bbox 706 1257 963 1306; x_wconf 86' lang='lat' dir='ltr'>proficiscitur</span> <span class='ocrx_word' id='word_1_117' title='bbox 997 1269 1019 1294; x_wconf 84' lang='lat' dir='ltr'>a</span> <span class='ocrx_word' id='word_1_118' title='bbox 1056 1257 1172 1295; x_wconf 82' lang='lat' dir='ltr'>verbo</span> <span class='ocrx_word' id='word_1_119' title='bbox 1210 1256 1434 1294; x_wconf 81' lang='lat' dir='ltr'>movendi</span> <span class='ocrx_word' id='word_1_120' title='bbox 1477 1259 1545 1293; x_wconf 84' lang='lat' dir='ltr'>aut</span> <span class='ocrx_word' id='word_1_121' title='bbox 1575 1267 1759 1305; x_wconf 82' lang='lat' dir='ltr'>expresso</span> 
     </span>
     <span class='ocr_line' id='line_1_16' title="bbox 217 1325 1758 1376; baseline 0.001 -14"><span class='ocrx_word' id='word_1_122' title='bbox 217 1329 285 1363; x_wconf 86' lang='lat' dir='ltr'>aut</span> <span class='ocrx_word' id='word_1_123' title='bbox 336 1327 599 1364; x_wconf 88' lang='lat' dir='ltr'>subaudiendo</span> <span class='ocrx_word' id='word_1_124' title='bbox 649 1330 688 1364; x_wconf 90' lang='lat' dir='ltr'>et</span> <span class='ocrx_word' id='word_1_125' title='bbox 738 1331 936 1376; x_wconf 85' lang='lat' dir='ltr'>propterea</span> <span class='ocrx_word' id='word_1_126' title='bbox 986 1327 1205 1364; x_wconf 84' lang='lat' dir='ltr'>nominatur</span> <span class='ocrx_word' id='word_1_127' title='bbox 1249 1326 1440 1373; x_wconf 84' lang='lat' dir='ltr'>attractio,</span> <span class='ocrx_word' id='word_1_128' title='bbox 1499 1326 1599 1375; x_wconf 85' lang='lat' dir='ltr'>quod</span> <span class='ocrx_word' id='word_1_129' title='bbox 1660 1325 1758 1364; x_wconf 87' lang='lat' dir='ltr'>duae</span> 
     </span>
     <span class='ocr_line' id='line_1_17' title="bbox 217 1395 1758 1446; baseline 0.001 -14"><span class='ocrx_word' id='word_1_130' title='bbox 217 1395 395 1433; x_wconf 89' lang='lat' dir='ltr'>notiones</span> <span class='ocrx_word' id='word_1_131' title='bbox 426 1396 527 1434; x_wconf 88' lang='lat' dir='ltr'>inter</span> <span class='ocrx_word' id='word_1_132' title='bbox 559 1408 601 1434; x_wconf 86' lang='lat' dir='ltr'>se</span> <span class='ocrx_word' id='word_1_133' title='bbox 632 1397 843 1434; x_wconf 88' lang='lat' dir='ltr'>contrariae</span> <span class='ocrx_word' id='word_1_134' title='bbox 876 1420 930 1423; x_wconf 97' lang='lat'><strong>—</strong></span> <span class='ocrx_word' id='word_1_135' title='bbox 959 1397 1184 1446; x_wconf 87' lang='lat' dir='ltr'>quiescendi</span> <span class='ocrx_word' id='word_1_136' title='bbox 1214 1400 1252 1434; x_wconf 92' lang='lat' dir='ltr'>et</span> <span class='ocrx_word' id='word_1_137' title='bbox 1282 1397 1460 1434; x_wconf 75' lang='lat' dir='ltr'>movendi</span> <span class='ocrx_word' id='word_1_138' title='bbox 1493 1418 1547 1423; x_wconf 85' lang='lat'><strong>—</strong></span> <span class='ocrx_word' id='word_1_139' title='bbox 1569 1396 1611 1433; x_wconf 89' lang='lat' dir='ltr'>in</span> <span class='ocrx_word' id='word_1_140' title='bbox 1641 1408 1758 1433; x_wconf 90' lang='lat' dir='ltr'>unam</span> 
     </span>
     <span class='ocr_line' id='line_1_18' title="bbox 217 1465 1757 1516; baseline 0.001 -13"><span class='ocrx_word' id='word_1_141' title='bbox 217 1466 501 1515; x_wconf 81' lang='lat' dir='ltr'>consociantur;</span> <span class='ocrx_word' id='word_1_142' title='bbox 534 1479 609 1516; x_wconf 84' lang='lat' dir='ltr'>qua</span> <span class='ocrx_word' id='word_1_143' title='bbox 630 1466 678 1504; x_wconf 87' lang='lat' dir='ltr'>de</span> <span class='ocrx_word' id='word_1_144' title='bbox 699 1478 813 1504; x_wconf 88' lang='lat' dir='ltr'>causa</span> <span class='ocrx_word' id='word_1_145' title='bbox 833 1466 1068 1505; x_wconf 87' lang='lat' dir='ltr'>Kuehnerus</span> <span class='ocrx_word' id='word_1_146' title='bbox 1076 1465 1105 1516; x_wconf 86' lang='lat'>1)</span> <span class='ocrx_word' id='word_1_147' title='bbox 1135 1466 1235 1504; x_wconf 80' lang='lat' dir='ltr'>lianc</span> <span class='ocrx_word' id='word_1_148' title='bbox 1264 1478 1347 1504; x_wconf 89' lang='lat' dir='ltr'>rem</span> <span class='ocrx_word' id='word_1_149' title='bbox 1377 1466 1430 1504; x_wconf 87' lang='lat' dir='ltr'>ita</span> <span class='ocrx_word' id='word_1_150' title='bbox 1461 1465 1646 1516; x_wconf 84' lang='lat' dir='ltr'>explicat:</span> <span class='ocrx_word' id='word_1_151' title='bbox 1681 1465 1757 1514; x_wconf 89' lang='lat' dir='ltr'>„So</span> 
     </span>
     <span class='ocr_line' id='line_1_19' title="bbox 215 1532 1758 1590; baseline 0.001 -18"><span class='ocrx_word' id='word_1_152' title='bbox 215 1536 375 1573; x_wconf 82' lang='lat' dir='ltr'>werden</span> <span class='ocrx_word' id='word_1_153' title='bbox 420 1536 543 1573; x_wconf 85' lang='lat' dir='ltr'>durch</span> <span class='ocrx_word' id='word_1_154' title='bbox 589 1537 652 1574; x_wconf 87' lang='lat' dir='ltr'>die</span> <span class='ocrx_word' id='word_1_155' title='bbox 682 1536 956 1585; x_wconf 84' lang='lat' dir='ltr'>Verbindung:</span> <span class='ocrx_word' id='word_1_156' title='bbox 1004 1533 1041 1575; x_wconf 84' lang='grc' dir='ltr'>οἱ</span> <span class='ocrx_word' id='word_1_157' title='bbox 1071 1533 1117 1574; x_wconf 81' lang='grc' dir='ltr'>ἐκ</span> <span class='ocrx_word' id='word_1_158' title='bbox 1145 1541 1217 1590; x_wconf 82' lang='grc' dir='ltr'>τῆς</span> <span class='ocrx_word' id='word_1_159' title='bbox 1249 1532 1394 1588; x_wconf 79' lang='grc' dir='ltr'>ἀγορᾶς</span> <span class='ocrx_word' id='word_1_160' title='bbox 1430 1532 1634 1588; x_wconf 82' lang='grc' dir='ltr'>ἄνθ-ρωποι</span> <span class='ocrx_word' id='word_1_161' title='bbox 1665 1536 1758 1574; x_wconf 86' lang='lat' dir='ltr'>oder</span> 
     </span>
     <span class='ocr_line' id='line_1_20' title="bbox 214 1602 1756 1662; baseline 0.001 -19"><span class='ocrx_word' id='word_1_162' title='bbox 214 1605 317 1644; x_wconf 90' lang='lat' dir='ltr'>blos:</span> <span class='ocrx_word' id='word_1_163' title='bbox 367 1602 402 1645; x_wconf 78' lang='grc' dir='ltr'>οἱ</span> <span class='ocrx_word' id='word_1_164' title='bbox 433 1604 479 1645; x_wconf 79' lang='grc' dir='ltr'>ἐκ</span> <span class='ocrx_word' id='word_1_165' title='bbox 507 1611 580 1662; x_wconf 83' lang='grc' dir='ltr'>τῆς</span> <span class='ocrx_word' id='word_1_166' title='bbox 611 1602 756 1659; x_wconf 78' lang='grc' dir='ltr'>ἀγορᾶς</span> <span class='ocrx_word' id='word_1_167' title='bbox 787 1602 986 1662; x_wconf 68' lang='grc' dir='ltr'>ἀπέφυγον</span> <span class='ocrx_word' id='word_1_168' title='bbox 1033 1606 1129 1645; x_wconf 82' lang='lat' dir='ltr'>zwei</span> <span class='ocrx_word' id='word_1_169' title='bbox 1174 1606 1307 1644; x_wconf 86' lang='lat' dir='ltr'>Bilder</span> <span class='ocrx_word' id='word_1_170' title='bbox 1351 1606 1393 1644; x_wconf 90' lang='lat' dir='ltr'>in</span> <span class='ocrx_word' id='word_1_171' title='bbox 1436 1617 1601 1644; x_wconf 86' lang='lat' dir='ltr'>unserer</span> <span class='ocrx_word' id='word_1_172' title='bbox 1644 1606 1756 1645; x_wconf 87' lang='lat' dir='ltr'>Scele</span> 
     </span>
     <span class='ocr_line' id='line_1_21' title="bbox 213 1677 1757 1724; baseline 0.001 -11"><span class='ocrx_word' id='word_1_173' title='bbox 213 1677 402 1724; x_wconf 79' lang='lat' dir='ltr'>geweckt,</span> <span class='ocrx_word' id='word_1_174' title='bbox 434 1677 563 1715; x_wconf 88' lang='lat' dir='ltr'>indem</span> <span class='ocrx_word' id='word_1_175' title='bbox 595 1678 668 1714; x_wconf 83' lang='lat' dir='ltr'>wir</span> <span class='ocrx_word' id='word_1_176' title='bbox 698 1681 849 1715; x_wconf 84' lang='lat' dir='ltr'>erstens</span> <span class='ocrx_word' id='word_1_177' title='bbox 894 1678 957 1714; x_wconf 92' lang='lat' dir='ltr'>die</span> <span class='ocrx_word' id='word_1_178' title='bbox 987 1677 1122 1724; x_wconf 82' lang='lat' dir='ltr'>Lente,</span> <span class='ocrx_word' id='word_1_179' title='bbox 1169 1677 1231 1714; x_wconf 87' lang='lat' dir='ltr'>die</span> <span class='ocrx_word' id='word_1_180' title='bbox 1260 1677 1329 1714; x_wconf 84' lang='lat' dir='ltr'>auf</span> <span class='ocrx_word' id='word_1_181' title='bbox 1370 1677 1460 1715; x_wconf 89' lang='lat' dir='ltr'>dem</span> <span class='ocrx_word' id='word_1_182' title='bbox 1490 1677 1640 1715; x_wconf 81' lang='lat' dir='ltr'>Markte</span> <span class='ocrx_word' id='word_1_183' title='bbox 1672 1689 1757 1715; x_wconf 79' lang='lat' dir='ltr'>ver-</span> 
     </span>
     <span class='ocr_line' id='line_1_22' title="bbox 218 1743 1756 1801; baseline 0 -17"><span class='ocrx_word' id='word_1_184' title='bbox 218 1747 360 1785; x_wconf 85' lang='lat' dir='ltr'>weilen</span> <span class='ocrx_word' id='word_1_185' title='bbox 394 1743 444 1797; x_wconf 81' lang='grc' dir='ltr'>(οῐ</span> <span class='ocrx_word' id='word_1_186' title='bbox 475 1744 515 1786; x_wconf 82' lang='grc' dir='ltr'>ἐν</span> <span class='ocrx_word' id='word_1_187' title='bbox 544 1752 593 1801; x_wconf 82' lang='grc' dir='ltr'>τῇ</span> <span class='ocrx_word' id='word_1_188' title='bbox 627 1743 765 1800; x_wconf 79' lang='grc' dir='ltr'>ἀγορᾷ)</span> <span class='ocrx_word' id='word_1_189' title='bbox 797 1747 877 1785; x_wconf 86' lang='grc'><strong>1111(1</strong></span> <span class='ocrx_word' id='word_1_190' title='bbox 907 1748 1010 1785; x_wconf 83' lang='lat' dir='ltr'>(lanu</span> <span class='ocrx_word' id='word_1_191' title='bbox 1040 1747 1103 1785; x_wconf 81' lang='lat' dir='ltr'>die</span> <span class='ocrx_word' id='word_1_192' title='bbox 1134 1747 1272 1785; x_wconf 88' lang='lat' dir='ltr'>Flucht</span> <span class='ocrx_word' id='word_1_193' title='bbox 1307 1747 1377 1785; x_wconf 90' lang='lat' dir='ltr'>der</span> <span class='ocrx_word' id='word_1_194' title='bbox 1406 1746 1529 1785; x_wconf 86' lang='lat' dir='ltr'>Leute</span> <span class='ocrx_word' id='word_1_195' title='bbox 1559 1759 1634 1785; x_wconf 77' lang='lat' dir='ltr'>von</span> <span class='ocrx_word' id='word_1_196' title='bbox 1665 1747 1756 1785; x_wconf 89' lang='lat' dir='ltr'>dem</span> 
     </span>
     <span class='ocr_line' id='line_1_23' title="bbox 215 1817 798 1865; baseline 0.002 -12"><span class='ocrx_word' id='word_1_197' title='bbox 215 1817 366 1854; x_wconf 83' lang='lat' dir='ltr'>Marktc</span> <span class='ocrx_word' id='word_1_198' title='bbox 397 1817 611 1865; x_wconf 83' lang='lat' dir='ltr'>gleichsam</span> <span class='ocrx_word' id='word_1_199' title='bbox 643 1818 798 1854; x_wconf 87' lang='lat' dir='ltr'>sehen.“</span> 
     </span>
    </p>

    <p class='ocr_par' dir='ltr' id='par_1_5' title="bbox 330 1886 1424 1937">
     <span class='ocr_line' id='line_1_24' title="bbox 330 1886 1424 1937; baseline -0.001 -12"><span class='ocrx_word' id='word_1_200' title='bbox 330 1887 530 1926; x_wconf 86' lang='lat' dir='ltr'>Eiusmodi</span> <span class='ocrx_word' id='word_1_201' title='bbox 563 1887 740 1937; x_wconf 80' lang='lat' dir='ltr'>exempla</span> <span class='ocrx_word' id='word_1_202' title='bbox 771 1887 872 1937; x_wconf 86' lang='lat' dir='ltr'>apud</span> <span class='ocrx_word' id='word_1_203' title='bbox 902 1887 1140 1925; x_wconf 88' lang='lat' dir='ltr'>Herodotum</span> <span class='ocrx_word' id='word_1_204' title='bbox 1170 1886 1354 1936; x_wconf 81' lang='lat' dir='ltr'>leguntur</span> <span class='ocrx_word' id='word_1_205' title='bbox 1383 1886 1424 1924; x_wconf 92' lang='lat' dir='ltr'>in</span> 
     </span>
    </p>

    <p class='ocr_par' dir='ltr' id='par_1_6' title="bbox 211 1953 1755 2151">
     <span class='ocr_line' id='line_1_25' title="bbox 330 1953 1755 2010; baseline 0 -16"><span class='ocrx_word' id='word_1_206' title='bbox 330 1958 355 1993; x_wconf 93' lang='lat' dir='ltr'>l.</span> <span class='ocrx_word' id='word_1_207' title='bbox 387 1958 467 1994; x_wconf 83' lang='lat'>111..</span> <span class='ocrx_word' id='word_1_208' title='bbox 490 1957 530 1994; x_wconf 80' lang='lat' dir='ltr'>O.</span> <span class='ocrx_word' id='word_1_209' title='bbox 565 1960 608 1995; x_wconf 83' lang='lat'>6:</span> <span class='ocrx_word' id='word_1_210' title='bbox 657 1957 750 2001; x_wconf 84' lang='grc' dir='ltr'>τοὺς</span> <span class='ocrx_word' id='word_1_211' title='bbox 781 1956 824 1995; x_wconf 82' lang='grc' dir='ltr'>δὲ</span> <span class='ocrx_word' id='word_1_212' title='bbox 857 1955 908 1995; x_wconf 71' lang='grc' dir='ltr'>έν.</span> <span class='ocrx_word' id='word_1_213' title='bbox 938 1953 1119 2010; x_wconf 71' lang='grc' dir='ltr'>Μέμφιος</span> <span class='ocrx_word' id='word_1_214' title='bbox 1164 1953 1204 2003; x_wconf 78' lang='grc' dir='ltr'>ἐς</span> <span class='ocrx_word' id='word_1_215' title='bbox 1248 1961 1373 1995; x_wconf 82' lang='grc' dir='ltr'>ταῦτα</span> <span class='ocrx_word' id='word_1_216' title='bbox 1415 1955 1464 2009; x_wconf 83' lang='grc' dir='ltr'>δὴ</span> <span class='ocrx_word' id='word_1_217' title='bbox 1509 1957 1560 1995; x_wconf 77' lang='grc' dir='ltr'>τὰ</span> <span class='ocrx_word' id='word_1_218' title='bbox 1606 1954 1755 2008; x_wconf 77' lang='grc' dir='ltr'>ἄνυδρα</span> 
     </span>
     <span class='ocr_line' id='line_1_26' title="bbox 211 2022 1755 2082; baseline -0.001 -17"><span class='ocrx_word' id='word_1_219' title='bbox 211 2032 284 2082; x_wconf 81' lang='grc' dir='ltr'>τῆς</span> <span class='ocrx_word' id='word_1_220' title='bbox 315 2023 456 2081; x_wconf 78' lang='grc' dir='ltr'>Συρίης</span> <span class='ocrx_word' id='word_1_221' title='bbox 486 2027 666 2081; x_wconf 77' lang='grc' dir='ltr'>κομίζειν,</span> <span class='ocrx_word' id='word_1_222' title='bbox 699 2027 764 2065; x_wconf 88' lang='lat' dir='ltr'>ubi</span> <span class='ocrx_word' id='word_1_223' title='bbox 785 2027 936 2077; x_wconf 87' lang='lat' dir='ltr'>proprie</span> <span class='ocrx_word' id='word_1_224' title='bbox 967 2026 1214 2064; x_wconf 88' lang='lat' dir='ltr'>scribendum</span> <span class='ocrx_word' id='word_1_225' title='bbox 1235 2029 1334 2065; x_wconf 88' lang='lat' dir='ltr'>erat:</span> <span class='ocrx_word' id='word_1_226' title='bbox 1368 2025 1457 2074; x_wconf 78' lang='grc' dir='ltr'>τοὺς</span> <span class='ocrx_word' id='word_1_227' title='bbox 1478 2024 1521 2065; x_wconf 83' lang='grc' dir='ltr'>δὲ</span> <span class='ocrx_word' id='word_1_228' title='bbox 1553 2022 1593 2065; x_wconf 81' lang='grc' dir='ltr'>ἐν</span> <span class='ocrx_word' id='word_1_229' title='bbox 1618 2022 1755 2081; x_wconf 67' lang='grc' dir='ltr'>Μέμφι</span> 
     </span>
     <span class='ocr_line' id='line_1_27' title="bbox 213 2092 1476 2151; baseline 0.001 -16"><span class='ocrx_word' id='word_1_230' title='bbox 213 2098 294 2135; x_wconf 89' lang='lat' dir='ltr'>scil.</span> <span class='ocrx_word' id='word_1_231' title='bbox 327 2094 463 2144; x_wconf 81' lang='grc' dir='ltr'>ἐόντας</span> <span class='ocrx_word' id='word_1_232' title='bbox 495 2121 549 2124; x_wconf 87' lang='grc'><strong>-</strong></span> <span class='ocrx_word' id='word_1_233' title='bbox 582 2094 628 2135; x_wconf 76' lang='grc' dir='ltr'>ἐκ</span> <span class='ocrx_word' id='word_1_234' title='bbox 658 2093 840 2149; x_wconf 75' lang='grc' dir='ltr'>Μέμφιος</span> <span class='ocrx_word' id='word_1_235' title='bbox 872 2097 952 2134; x_wconf 81' lang='lat' dir='ltr'>sive</span> <span class='ocrx_word' id='word_1_236' title='bbox 984 2095 1025 2141; x_wconf 81' lang='grc' dir='ltr'>ἐξ</span> <span class='ocrx_word' id='word_1_237' title='bbox 1056 2092 1177 2151; x_wconf 67' lang='grc' dir='ltr'>αὐτῆς</span> <span class='ocrx_word' id='word_1_238' title='bbox 1210 2120 1264 2124; x_wconf 91' lang='grc'>-</span> <span class='ocrx_word' id='word_1_239' title='bbox 1295 2097 1476 2150; x_wconf 79' lang='grc' dir='ltr'>κομίζειν·</span> 
     </span>
    </p>

    <p class='ocr_par' dir='ltr' id='par_1_7' title="bbox 212 2162 1755 2293">
     <span class='ocr_line' id='line_1_28' title="bbox 328 2162 1755 2222; baseline -0.001 -16"><span class='ocrx_word' id='word_1_240' title='bbox 328 2168 352 2206; x_wconf 92' lang='grc'>1.</span> <span class='ocrx_word' id='word_1_241' title='bbox 384 2168 404 2206; x_wconf 91' lang='grc' dir='ltr'>Ι</span> <span class='ocrx_word' id='word_1_242' title='bbox 436 2168 477 2207; x_wconf 89' lang='lat' dir='ltr'>C.</span> <span class='ocrx_word' id='word_1_243' title='bbox 511 2170 556 2206; x_wconf 89' lang='lat'>4:</span> <span class='ocrx_word' id='word_1_244' title='bbox 597 2163 722 2220; x_wconf 79' lang='grc' dir='ltr'>σφέας</span> <span class='ocrx_word' id='word_1_245' title='bbox 761 2167 831 2221; x_wconf 83' lang='grc' dir='ltr'>μὲν</span> <span class='ocrx_word' id='word_1_246' title='bbox 870 2164 919 2220; x_wconf 81' lang='grc' dir='ltr'>δὴ</span> <span class='ocrx_word' id='word_1_247' title='bbox 956 2166 1047 2212; x_wconf 87' lang='grc' dir='ltr'>τοὺς</span> <span class='ocrx_word' id='word_1_248' title='bbox 1077 2162 1130 2205; x_wconf 80' lang='grc' dir='ltr'>ἐκ</span> <span class='ocrx_word' id='word_1_249' title='bbox 1159 2171 1229 2222; x_wconf 79' lang='grc' dir='ltr'>τῆς</span> <span class='ocrx_word' id='word_1_250' title='bbox 1255 2162 1386 2221; x_wconf 85' lang='grc' dir='ltr'>Ἀσίης</span> <span class='ocrx_word' id='word_1_251' title='bbox 1416 2163 1572 2217; x_wconf 75' lang='grc' dir='ltr'>λέγουσι</span> <span class='ocrx_word' id='word_1_252' title='bbox 1603 2163 1755 2220; x_wconf 84' lang='grc' dir='ltr'>Πέρσαι</span> 
     </span>
     <span class='ocr_line' id='line_1_29' title="bbox 212 2233 1461 2293; baseline 0 -16"><span class='ocrx_word' id='word_1_253' title='bbox 212 2235 521 2293; x_wconf 80' lang='grc' dir='ltr'>ἁρπαζομενέων</span> <span class='ocrx_word' id='word_1_254' title='bbox 553 2245 630 2278; x_wconf 82' lang='grc' dir='ltr'>τῶν</span> <span class='ocrx_word' id='word_1_255' title='bbox 660 2244 850 2288; x_wconf 72' lang='grc' dir='ltr'>γυναικῶν</span> <span class='ocrx_word' id='word_1_256' title='bbox 882 2236 998 2287; x_wconf 77' lang='grc' dir='ltr'>λόγον</span> <span class='ocrx_word' id='word_1_257' title='bbox 1030 2233 1170 2276; x_wconf 71' lang='grc' dir='ltr'>οὐδένα</span> <span class='ocrx_word' id='word_1_258' title='bbox 1202 2234 1461 2292; x_wconf 75' lang='grc' dir='ltr'>ποιήσασθαι.</span> 
     </span>
    </p>

    <p class='ocr_par' dir='ltr' id='par_1_8' title="bbox 208 2304 1753 2507">
     <span class='ocr_line' id='line_1_30' title="bbox 326 2304 1753 2361; baseline -0.003 -12"><span class='ocrx_word' id='word_1_259' title='bbox 326 2310 585 2361; x_wconf 83' lang='lat' dir='ltr'>Praepositio:</span> <span class='ocrx_word' id='word_1_260' title='bbox 627 2305 674 2358; x_wconf 80' lang='grc' dir='ltr'>ἐς</span> <span class='ocrx_word' id='word_1_261' title='bbox 704 2321 791 2360; x_wconf 89' lang='lat' dir='ltr'>pro:</span> <span class='ocrx_word' id='word_1_262' title='bbox 834 2304 873 2347; x_wconf 79' lang='grc' dir='ltr'>ἐν</span> <span class='ocrx_word' id='word_1_263' title='bbox 904 2312 1109 2359; x_wconf 82' lang='lat' dir='ltr'>usurpatur</span> <span class='ocrx_word' id='word_1_264' title='bbox 1139 2309 1180 2347; x_wconf 92' lang='lat' dir='ltr'>in</span> <span class='ocrx_word' id='word_1_265' title='bbox 1209 2310 1234 2348; x_wconf 95' lang='grc'>1.</span> <span class='ocrx_word' id='word_1_266' title='bbox 1265 2309 1306 2348; x_wconf 86' lang='grc' dir='ltr'>Π</span> <span class='ocrx_word' id='word_1_267' title='bbox 1337 2309 1377 2348; x_wconf 86' lang='lat' dir='ltr'>C.</span> <span class='ocrx_word' id='word_1_268' title='bbox 1414 2311 1514 2349; x_wconf 87' lang='lat'>150:</span> <span class='ocrx_word' id='word_1_269' title='bbox 1548 2306 1680 2359; x_wconf 76' lang='grc' dir='ltr'>ἔλεγον</span> <span class='ocrx_word' id='word_1_270' title='bbox 1711 2304 1753 2345; x_wconf 83' lang='grc' dir='ltr'>δὲ</span> 
     </span>
     <span class='ocr_line' id='line_1_31' title="bbox 210 2376 1751 2433; baseline -0.003 -13"><span class='ocrx_word' id='word_1_271' title='bbox 210 2378 247 2420; x_wconf 80' lang='grc' dir='ltr'>οἱ</span> <span class='ocrx_word' id='word_1_272' title='bbox 278 2378 481 2433; x_wconf 79' lang='grc' dir='ltr'>ἐπιχώριοι</span> <span class='ocrx_word' id='word_1_273' title='bbox 512 2380 579 2419; x_wconf 76' lang='grc' dir='ltr'>καὶ</span> <span class='ocrx_word' id='word_1_274' title='bbox 610 2377 663 2427; x_wconf 83' lang='grc' dir='ltr'>ὡς</span> <span class='ocrx_word' id='word_1_275' title='bbox 694 2377 734 2427; x_wconf 84' lang='grc' dir='ltr'>ἐς</span> <span class='ocrx_word' id='word_1_276' title='bbox 764 2379 834 2432; x_wconf 81' lang='grc' dir='ltr'>την</span> <span class='ocrx_word' id='word_1_277' title='bbox 866 2376 1003 2431; x_wconf 78' lang='grc' dir='ltr'>Συρτιν</span> <span class='ocrx_word' id='word_1_278' title='bbox 1034 2381 1104 2433; x_wconf 80' lang='grc' dir='ltr'>τὴν</span> <span class='ocrx_word' id='word_1_279' title='bbox 1134 2377 1187 2427; x_wconf 80' lang='grc' dir='ltr'>ἐς</span> <span class='ocrx_word' id='word_1_280' title='bbox 1218 2376 1371 2433; x_wconf 74' lang='grc' dir='ltr'>Λιβὺην</span> <span class='ocrx_word' id='word_1_281' title='bbox 1403 2376 1602 2433; x_wconf 76' lang='grc' dir='ltr'>ἐκδιδοῖὴ</span> <span class='ocrx_word' id='word_1_282' title='bbox 1635 2377 1751 2431; x_wconf 83' lang='grc' dir='ltr'>λίμνη</span> 
     </span>
     <span class='ocr_line' id='line_1_32' title="bbox 208 2446 531 2507; baseline 0.003 -17"><span class='ocrx_word' id='word_1_283' title='bbox 208 2447 307 2506; x_wconf 68' lang='grc' dir='ltr'>αὕτη</span> <span class='ocrx_word' id='word_1_284' title='bbox 340 2446 416 2491; x_wconf 75' lang='grc' dir='ltr'>ὑπὸ</span> <span class='ocrx_word' id='word_1_285' title='bbox 446 2457 531 2507; x_wconf 77' lang='grc' dir='ltr'>γῆν.</span> 
     </span>
    </p>

    <p class='ocr_par' dir='ltr' id='par_1_9' title="bbox 205 2521 1752 2713">
     <span class='ocr_line' id='line_1_33' title="bbox 324 2521 1750 2572; baseline -0.004 -13"><span class='ocrx_word' id='word_1_286' title='bbox 324 2523 409 2559; x_wconf 84' lang='lat' dir='ltr'>Mea</span> <span class='ocrx_word' id='word_1_287' title='bbox 426 2523 583 2572; x_wconf 84' lang='lat' dir='ltr'>quidem</span> <span class='ocrx_word' id='word_1_288' title='bbox 600 2522 790 2560; x_wconf 84' lang='lat' dir='ltr'>sententia</span> <span class='ocrx_word' id='word_1_289' title='bbox 805 2522 1031 2569; x_wconf 84' lang='lat' dir='ltr'>Kruegerus</span> <span class='ocrx_word' id='word_1_290' title='bbox 1048 2525 1087 2559; x_wconf 84' lang='lat' dir='ltr'>ct</span> <span class='ocrx_word' id='word_1_291' title='bbox 1098 2522 1320 2559; x_wconf 84' lang='lat' dir='ltr'>Dindorfius</span> <span class='ocrx_word' id='word_1_292' title='bbox 1336 2521 1512 2559; x_wconf 87' lang='lat' dir='ltr'>codicum</span> <span class='ocrx_word' id='word_1_293' title='bbox 1524 2521 1750 2558; x_wconf 88' lang='lat' dir='ltr'>lectionem:</span> 
     </span>
     <span class='ocr_line' id='line_1_34' title="bbox 206 2588 1752 2646; baseline -0.005 -15"><span class='ocrx_word' id='word_1_294' title='bbox 206 2592 277 2646; x_wconf 80' lang='grc' dir='ltr'>την</span> <span class='ocrx_word' id='word_1_295' title='bbox 316 2588 364 2631; x_wconf 83' lang='grc' dir='ltr'>ὲν</span> <span class='ocrx_word' id='word_1_296' title='bbox 404 2588 556 2645; x_wconf 76' lang='grc' dir='ltr'>Λιβυῃ,</span> <span class='ocrx_word' id='word_1_297' title='bbox 598 2591 734 2643; x_wconf 78' lang='lat' dir='ltr'>quae&#39;2)</span> <span class='ocrx_word' id='word_1_298' title='bbox 774 2603 867 2630; x_wconf 85' lang='lat' dir='ltr'>sane</span> <span class='ocrx_word' id='word_1_299' title='bbox 904 2591 1130 2630; x_wconf 83' lang='lat' dir='ltr'>correctoris</span> <span class='ocrx_word' id='word_1_300' title='bbox 1169 2603 1328 2629; x_wconf 87' lang='lat' dir='ltr'>manum</span> <span class='ocrx_word' id='word_1_301' title='bbox 1365 2591 1533 2637; x_wconf 84' lang='lat' dir='ltr'>redolet,</span> <span class='ocrx_word' id='word_1_302' title='bbox 1572 2588 1673 2627; x_wconf 83' lang='lat' dir='ltr'>male</span> <span class='ocrx_word' id='word_1_303' title='bbox 1711 2588 1752 2624; x_wconf 88' lang='lat' dir='ltr'>in</span> 
     </span>
     <span class='ocr_line' id='line_1_35' title="bbox 205 2658 1749 2713; baseline -0.003 -12"><span class='ocrx_word' id='word_1_304' title='bbox 205 2666 356 2701; x_wconf 86' lang='lat' dir='ltr'>textum</span> <span class='ocrx_word' id='word_1_305' title='bbox 386 2667 627 2713; x_wconf 80' lang='lat' dir='ltr'>receperunt,</span> <span class='ocrx_word' id='word_1_306' title='bbox 658 2663 887 2713; x_wconf 84' lang='lat' dir='ltr'>praesertim</span> <span class='ocrx_word' id='word_1_307' title='bbox 918 2674 1007 2700; x_wconf 86' lang='grc'><strong>011111</strong></span> <span class='ocrx_word' id='word_1_308' title='bbox 1039 2666 1077 2700; x_wconf 87' lang='lat' dir='ltr'>et</span> <span class='ocrx_word' id='word_1_309' title='bbox 1106 2663 1192 2700; x_wconf 86' lang='lat' dir='ltr'>aliis</span> <span class='ocrx_word' id='word_1_310' title='bbox 1216 2662 1310 2699; x_wconf 89' lang='lat' dir='ltr'>locis</span> <span class='ocrx_word' id='word_1_311' title='bbox 1326 2661 1575 2711; x_wconf 87' lang='lat' dir='ltr'>praepositio:</span> <span class='ocrx_word' id='word_1_312' title='bbox 1602 2658 1647 2706; x_wconf 82' lang='grc' dir='ltr'>ἐς</span> <span class='ocrx_word' id='word_1_313' title='bbox 1662 2669 1749 2708; x_wconf 84' lang='lat' dir='ltr'>pro:</span> 
     </span>
    </p>
   </div>
   <div class='ocr_carea' id='block_1_4' title="bbox 323 2798 1452 2903">
    <p class='ocr_par' dir='ltr' id='par_1_10' title="bbox 323 2798 1452 2903">
     <span class='ocr_line' id='line_1_36' title="bbox 323 2798 1452 2845; baseline -0.001 -10"><span class='ocrx_word' id='word_1_314' title='bbox 323 2801 351 2841; x_wconf 91' lang='lat'>1)</span> <span class='ocrx_word' id='word_1_315' title='bbox 378 2801 560 2836; x_wconf 87' lang='lat' dir='ltr'>Kuehner:</span> <span class='ocrx_word' id='word_1_316' title='bbox 587 2802 768 2836; x_wconf 80' lang='lat' dir='ltr'>Ausfiihrl.</span> <span class='ocrx_word' id='word_1_317' title='bbox 796 2800 1021 2836; x_wconf 85' lang='lat' dir='ltr'>Grammatik.</span> <span class='ocrx_word' id='word_1_318' title='bbox 1052 2800 1098 2835; x_wconf 84' lang='lat' dir='ltr'>H.</span> <span class='ocrx_word' id='word_1_319' title='bbox 1125 2812 1156 2845; x_wconf 88' lang='lat' dir='ltr'>p.</span> <span class='ocrx_word' id='word_1_320' title='bbox 1183 2800 1251 2835; x_wconf 70' lang='lat'>473</span> <span class='ocrx_word' id='word_1_321' title='bbox 1280 2800 1367 2845; x_wconf 87' lang='lat' dir='ltr'>(edit</span> <span class='ocrx_word' id='word_1_322' title='bbox 1391 2798 1452 2841; x_wconf 82' lang='lat' dir='ltr'>II.)</span> 
     </span>
     <span class='ocr_line' id='line_1_37' title="bbox 323 2860 933 2903; baseline -0.002 -9"><span class='ocrx_word' id='word_1_323' title='bbox 323 2861 352 2903; x_wconf 64' lang='grc' dir='ltr'>ἓ)</span> <span class='ocrx_word' id='word_1_324' title='bbox 378 2860 521 2894; x_wconf 82' lang='lat' dir='ltr'>Baehr.:</span> <span class='ocrx_word' id='word_1_325' title='bbox 560 2861 597 2894; x_wconf 87' lang='lat' dir='ltr'>in</span> <span class='ocrx_word' id='word_1_326' title='bbox 623 2861 754 2895; x_wconf 89' lang='lat' dir='ltr'>adnott.</span> <span class='ocrx_word' id='word_1_327' title='bbox 781 2861 823 2895; x_wconf 86' lang='lat' dir='ltr'>ad</span> <span class='ocrx_word' id='word_1_328' title='bbox 849 2861 883 2894; x_wconf 91' lang='lat' dir='ltr'>h.</span> <span class='ocrx_word' id='word_1_329' title='bbox 910 2860 933 2894; x_wconf 87' lang='lat'>1.</span> 
     </span>
    </p>
   </div>
  </div>
 </body>
</html>
