1978 3194
927 151 978 187 31

308 298 333 335 1.
364 293 421 333 IV
451 291 490 330 C.
526 290 627 328 100:
661 285 803 341 μαθὼν
833 286 876 327 δὲ
906 287 1055 327 τοὺτων
1085 284 1297 340 ἑκάτερα
1327 283 1380 334 ὡς
1409 283 1492 339 εἶχε
1515 282 1721 341 Αἰσχίνης·

307 367 332 404 l.
362 362 439 401 VII
469 360 509 398 C.
545 361 646 398 139:
678 358 763 411 τὴν
792 358 878 411 γὰρ
909 354 1124 411 ὠφελίην
1156 380 1210 385 —-
1242 352 1287 396 οὗ
1319 356 1489 410 δύναμαι
1514 353 1720 395 ποθ-εσθαι

193 436 276 493 ἥτις
305 428 437 486 ἄν’ἧν·

307 506 331 543 1.
362 502 439 540 VH
469 500 509 539 G.
546 501 645 538 163:
676 493 1009 553 καραδοκήσαντα
1037 498 1122 552 τὴν
1154 498 1312 552 μάχην
1341 494 1391 550 τῇ
1423 493 1615 536 πεσέεται·

305 574 329 611 1.
366 570 443 609 VH
474 569 514 607 C.
557 570 657 608 168:
704 565 1011 621 καραδοκέοντες
1055 568 1121 606 καὶ
1166 563 1272 607 οὖτοι
1307 567 1389 606 τὸν
1418 565 1638 620 πόλεμον
1668 562 1718 619 τῇ

192 641 383 684 πεσέεται·
1270 643 1272 645 ’

303 713 328 750 1.
359 710 436 748 VII
467 709 508 747 C.
542 711 645 748 208:
679 704 888 762 ἀκηκόεε
918 706 961 747 δὲ
992 706 1048 747 ἔτι
1077 705 1151 747 ἐὼν
1173 730 1227 735 -
1255 705 1323 746 καὶ
1343 706 1455 751 τοὺς
1474 701 1721 760 ἡγεμόνας

192 781 245 829 ὡς
279 779 411 835 εἴησαν
440 775 755 832 Λακεδαιμόνιοι.

303 850 480 899 Denique
508 848 607 886 iHud
635 851 784 887 tantum
813 848 1040 896 monuerim,
1077 848 1267 886 eiusmodi
1303 847 1569 885 attractionem
1605 846 1719 896 plane

192 934 259 960 suo
302 919 421 969 locol)
466 930 553 957 esse
598 919 640 955 in
675 918 701 955 1.
737 918 805 955 VI.
843 918 883 956 C.
922 920 996 957 48:
1043 917 1142 971 μετὰ
1180 916 1223 956 δὲ
1261 921 1377 956 τοῦτο
1417 913 1658 968 ἀπεπειρᾶτο
1696 911 1718 954 ὁ

190 988 351 1045 Δαρεῖος
395 994 486 1029 τῶν
523 983 780 1044 “Ελλήνων
827 984 885 1028 ὅτι
922 986 963 1028 ἐν
999 989 1078 1041 νόῳ
1118 986 1246 1042 ἔχοιεν
1292 1011 1346 1015 -
1392 987 1459 1026 ubi
1504 986 1718 1025 subiectum

190 1060 460 1101 enuntiationis
497 1059 762 1097 secundariae:
811 1055 847 1098 οἱ
876 1054 1074 1112 ’Έλληνες
1111 1071 1135 1096 a
1172 1059 1288 1097 verbo
1319 1054 1571 1110 ἀπεπεῖρατο,
1616 1056 1718 1107 quod

188 1132 407 1183 genetivum
436 1130 549 1180 regit,
578 1130 691 1169 facile
720 1130 858 1169 attrahi
887 1130 1020 1180 potuit.
1053 1153 1107 1157 —

301 1202 362 1239 Ex
397 1200 573 1238 omnibus
607 1204 737 1238 autem
773 1200 868 1245 locis
906 1200 1018 1238 modo
1062 1200 1188 1238 allatis
1234 1200 1371 1247 elucet,
1417 1199 1719 1237 enuntiationem

190 1270 452 1311 secundariam
473 1294 527 1298 —
548 1270 699 1321 propria
727 1270 767 1308 vi
796 1270 941 1309 abiecta
965 1293 1020 1298 —
1041 1259 1236 1320 tamquam
1264 1269 1439 1308 attributi
1467 1268 1550 1307 loco
1570 1268 1718 1306 nomini

187 1341 426 1379 antecedenti
454 1341 642 1378 adiectam
672 1352 771 1387 esse,
808 1340 860 1377 ita
889 1343 933 1377 ut
968 1343 1175 1389 utrumque
1212 1339 1393 1377 orationis
1429 1339 1646 1377 membrum
1675 1338 1718 1375 in

187 1423 301 1450 unam
332 1410 631 1450 enuntiationem
661 1410 849 1449 coaluisse
878 1409 1063 1449 videatur.

900 1541 920 1587 ἓ
960 1542 995 1579 9.

673 1632 729 1676 De
760 1631 1020 1677 attractione
1051 1632 1231 1677 inversa.

298 1728 403 1765 Haec
422 1726 618 1766 attracti02
660 1727 702 1777 3),
723 1728 833 1765 cuius
853 1731 1029 1765 naturam
1049 1731 1089 1765 et
1107 1739 1223 1765 usum
1242 1728 1347 1766 idem
1367 1727 1435 1765 ille
1456 1728 1716 1766 Buttmannus

183 1797 329 1846 primus
359 1797 585 1845 enucleavit,
627 1796 681 1835 ita
710 1800 923 1847 comparata
952 1800 1023 1845 est,
1058 1800 1102 1834 ut
1131 1809 1296 1835 nomen
1326 1797 1514 1835 enuntiati
1543 1797 1716 1847 primarii

183 1867 391 1905 attrahatur
435 1880 458 1905 a
500 1867 725 1917 pronomine
774 1867 934 1905 relativo
978 1867 1044 1905 vel
1086 1879 1110 1905 a
1153 1868 1269 1906 verbo
1321 1871 1481 1916 regente
1527 1868 1716 1906 enuntiati

181 1937 341 1975 relativi.
417 1937 521 1976 Talis
555 1941 685 1976 autem
720 1937 903 1985 attractio,
939 1937 1081 1988 quippe
1118 1950 1217 1987 quae
1253 1938 1424 1988 opposita
1455 1938 1506 1976 sit
1534 1938 1716 1988 primario

181 2007 239 2043 illi
286 2008 522 2045 attractionis
571 2008 717 2056 generi,
766 2007 833 2044 ubi
876 2019 1087 2056 pronomen
1131 2008 1336 2045 relativum
1380 2009 1428 2045 ab
1471 2008 1714 2046 antecedenti

181 2077 334 2116 nomine
378 2077 592 2126 attrahitur,
637 2077 829 2115 inversa
873 2076 1023 2115 dicitur.
1099 2075 1225 2125 Quare
1259 2077 1500 2116 afferendum
1537 2081 1598 2117 est
1640 2078 1714 2116 hoc

182 2148 422 2197 exemplum:
453 2148 479 2185 1.
508 2145 550 2186 11
581 2148 621 2186 C.
656 2150 757 2187 106:
789 2147 926 2197 (Stein)
957 2143 998 2186 αἱ
1028 2145 1071 2185 δὲ
1102 2145 1244 2202 στῆλαι
1272 2147 1344 2193 τὰς
1372 2145 1464 2187 ἵστα
1495 2171 1549 2175 -
1581 2144 1622 2187 αἱ
1642 2148 1715 2201 μὲν

181 2214 344 2263 πλεῦνες
380 2213 509 2258 οὒκὲτι
544 2219 745 2273 φαίνονται
781 2222 1020 2271 περιεοῦσαι·
1064 2218 1132 2256 alii
1168 2218 1242 2256 viri
1278 2218 1380 2257 docti
1419 2242 1474 2247 —
1511 2219 1714 2268 Baehrius,

180 2286 417 2336 Kruegerus,
432 2289 665 2336 Dindorfius,
680 2289 883 2327 Abichtius
900 2312 954 2316 -—
970 2292 1075 2327 recte
1098 2292 1252 2327 servant
1271 2290 1447 2327 codicum
1468 2290 1712 2338 scripturam:

180 2354 250 2402 τὰς
288 2354 330 2397 δὲ
368 2353 518 2414 στήλας
559 2357 630 2405 τὰς
659 2354 751 2398 ἵστα
782 2370 884 2409 sqq.,
920 2358 988 2397 ubi
1016 2358 1171 2409 propria
1201 2361 1392 2398 structura
1420 2358 1516 2398 haec
1545 2358 1637 2398 fuit:
1669 2354 1714 2398 αἱ

179 2423 228 2464 δὲ
259 2427 430 2483 στῆλαι
460 2430 560 2468 sive:
599 2434 677 2469 τῶν
709 2428 752 2468 δὲ
783 2427 938 2482 στηλῶν
968 2428 1040 2476 τὰς
1068 2426 1159 2467 ἵστα
1189 2425 1231 2468 αἱ
1268 2430 1338 2482 μὲν
1368 2428 1546 2475 πλεῦνες.
1614 2430 1714 2469 Sub-

179 2498 405 2537 stantivum:
453 2497 595 2554 στῆλαι
638 2512 661 2537 a
704 2499 947 2549 pronomine:
991 2498 1063 2546 τὰς
1097 2499 1163 2537 vel
1207 2499 1333 2549 potius
1374 2512 1397 2537 a
1439 2500 1574 2538 verbo:
1621 2496 1713 2539 ἵστα

178 2568 380 2606 attrahitur
409 2573 449 2608 et
477 2570 737 2609 accusativum
767 2569 904 2608 induit.
979 2569 1032 2607 Ut
1075 2581 1167 2608 vero
1212 2570 1471 2608 coniecturam
1506 2582 1529 2608 a
1566 2570 1712 2609 Steinio

292 2704 320 2749 1)
347 2706 386 2741 G.
412 2707 447 2743 Τ.
472 2709 515 2743 Α.
540 2707 714 2753 Krueger:
751 2706 818 2742 Die
843 2707 1041 2743 Attraction
1065 2708 1102 2742 in
1129 2707 1191 2743 der
1213 2707 1331 2743 latein.
1358 2707 1522 2753 Sprache,
1548 2710 1567 2754 ξ
1592 2709 1647 2744 69.

292 2765 321 2807 2)
347 2766 383 2800 C.
409 2767 468 2801 W.
494 2767 668 2811 Krueger:
707 2767 936 2802 Griechische
961 2766 1124 2811 Sprache,
1151 2769 1170 2811 §
1195 2766 1251 2809 51,
1277 2767 1309 2802 9.

291 2823 319 2866 3)
346 2824 386 2859 G.
411 2825 447 2861 Τ.
472 2826 514 2861 A.
539 2825 713 2871 Krueger:
750 2825 818 2861 Die
843 2825 1040 2861 Atti-action
1070 2826 1108 2860 in
1139 2826 1202 2861 der
1230 2825 1347 2862 latein.
1374 2826 1536 2871 Sprache,
1569 2828 1588 2872 ξ
1614 2826 1660 2861 90
1674 2826 1710 2862 ff.
