1978 3194
957 142 1008 177 11

209 287 339 324 autem
383 282 469 322 fieri
509 282 624 331 solet,
669 285 714 320 ut
750 281 868 321 etiam
912 281 1171 320 nominativus
1215 281 1280 320 vel
1324 280 1477 318 dativus
1514 278 1758 330 pronominis

209 355 360 394 relativi
396 365 467 403 per
510 353 776 396 attractionem
813 352 855 389 in
889 364 982 390 casu
1010 352 1274 390 antecedentis
1310 350 1479 390 nominis
1517 350 1581 388 vel
1617 361 1752 399 prono-

209 425 326 465 minis
362 426 543 474 ponatur,
595 423 644 463 de
695 436 770 473 qua
822 435 865 462 re
909 423 954 462 R.
1000 422 1227 462 Foersterus
1235 420 1265 473 l)
1319 424 1425 461 recte
1465 419 1645 472 exposuit
1688 419 1751 458 his

208 496 290 535 fere
321 493 468 533 verbis:
498 493 776 532 nominativum
805 493 1042 544 pronominis
1071 492 1224 532 relativi
1244 492 1393 530 nomini
1411 479 1656 530 antecedenti
1673 501 1754 528 non

208 565 416 604 assimilari
452 564 532 602 nisi
567 565 638 612 ita,
675 567 720 602 ut
755 576 966 614 pronomen
1001 564 1208 602 relativum
1239 566 1342 601 esset
1377 562 1533 611 generis
1563 562 1752 609 neutrius,

208 635 372 675 verbum
401 638 531 673 autem
559 634 640 672 vim
669 635 863 685 passivam
892 637 958 672 aut
977 633 1260 672 intransitivam
1281 633 1449 671 haberet.
1496 631 1753 680 Quamobrem

208 707 353 744 iterum
404 705 627 755 exemplum
678 705 802 753 illud,
855 705 966 743 cuius
1015 706 1092 743 iam
1138 717 1252 755 supra
1296 704 1534 742 mentionem
1576 704 1752 750 fecimus,

209 776 476 816 examinemus
521 779 685 826 oportet,
726 776 751 814 1.
782 776 812 814 Ι.
843 776 883 815 C.
919 779 970 816 78
1011 772 1265 831 Τελμησσέες
1302 776 1372 830 μὲν
1406 779 1475 815 νῦν
1523 797 1577 802 ——
1608 768 1750 813 οὐδέν

208 858 267 885 κω
298 842 445 893 εἰδότες
473 852 564 886 τῶν
584 843 634 900 ἧν
655 845 743 899 περὶ
763 843 905 899 Σάρδις
924 858 968 886 τε
987 845 1055 885 καὶ
1075 842 1194 886 αὐτὸν
1215 843 1401 898 Κροῖσον.
1438 845 1752 884 Enuntiationem

207 917 327 967 igitur
356 917 558 955 relativam
588 929 609 956 e
641 920 848 956 structura:
887 916 1037 957 τοὺτων
1068 916 1117 956 τὰ
1146 913 1195 972 ἧν
1227 917 1418 966 originem
1447 916 1607 955 duxisse
1637 926 1753 954 nemo

208 999 287 1026 non
316 988 526 1037 intelleget.
588 987 725 1038 Neque
756 987 999 1039 Matthiaeo2)
1030 988 1097 1038 qui
1126 980 1391 1026 attractionem
1420 988 1462 1024 in
1490 987 1594 1024 hunc
1622 986 1753 1024 locum

209 1071 287 1097 non
317 1058 504 1108 quadrare
534 1059 711 1108 opinatus
740 1059 902 1097 verbum
931 1055 980 1113 ἧν
1011 1059 1172 1107 delevit,
1202 1059 1494 1098 assentiendum
1529 1069 1617 1096 esse
1646 1060 1750 1107 puto.

208 1129 309 1167 Nam
339 1129 432 1179 quid
462 1130 597 1178 obstat,
629 1129 835 1180 quominus
866 1130 1098 1180 optimorum
1127 1130 1303 1168 codicum
1325 1130 1571 1179 scripturam:
1602 1132 1680 1167 τῶν
1700 1123 1750 1182 ἧν
1776 1146 1779 1149 ⁴

210 1200 332 1237 secuti
369 1200 634 1238 attractionem
672 1204 903 1248 statuamus,
940 1201 1168 1250 praesertim
1203 1213 1292 1238 cum
1320 1193 1434 1238 locos'
1455 1200 1569 1249 plane
1601 1199 1751 1237 similes

208 1269 256 1307 ab
286 1268 374 1307 aliis
405 1281 559 1319 quoque
591 1270 839 1320 scriptoribus
869 1270 1015 1308 alienos
1045 1282 1124 1307 non
1153 1281 1241 1308 esse
1264 1270 1366 1307 haud
1387 1270 1622 1318 ignoremus,
1642 1268 1752 1306 velut

208 1340 250 1376 in
280 1339 426 1377 Platon.
457 1340 648 1378 Phaedon.
682 1340 721 1378 O.
752 1340 851 1378 XHI
880 1354 915 1390 p.
950 1343 1002 1380 69
1034 1341 1070 1378 Α.
1100 1340 1203 1391 (edit.
1236 1340 1276 1378 C.
1308 1340 1367 1377 Fr.
1399 1339 1613 1389 Hermann)
1635 1342 1750 1378 τοῦτο

209 1405 243 1448 δ’
268 1406 403 1464 ὅμοιόν
435 1406 536 1449 ἐστιν
567 1407 598 1463 ᾧ
628 1414 697 1450 νῦν
725 1408 774 1464 δὴ
804 1406 960 1461 ἐλέγετο
983 1407 1093 1458 εἶναι,
1116 1415 1170 1462 τῷ
1191 1411 1332 1463 τρόπον
1353 1410 1438 1449 τινὰ
1459 1408 1506 1449 δι’
1529 1406 1747 1448 ἀκολασίαν

209 1475 353 1525 αὐτοὺς
383 1478 724 1533 σεσωφρονίσθαι,
761 1493 836 1531 quo
866 1481 908 1518 in
938 1481 1134 1519 enuntiato
1164 1493 1377 1535 pronomen
1406 1481 1611 1519 relativum
1641 1477 1672 1532 ᾧ
1702 1481 1751 1518 ab

207 1550 414 1588 adiectivo:
462 1546 595 1604 ὅμοιον
640 1554 845 1589 attractum
888 1551 994 1589 idem
1033 1551 1137 1589 valet
1174 1551 1276 1601 quod
1313 1550 1437 1603 τοὺτῳ
1477 1546 1510 1589 ὅ.
1570 1551 1623 1588 At
1658 1562 1752 1588 vero

209 1621 361 1659 etiamsi
404 1621 649 1671 Matthiaeo3)
693 1623 735 1659 in
779 1622 1027 1670 grammatica
1071 1634 1208 1671 graeca
1253 1622 1421 1660 eundem
1469 1622 1573 1659 himc
1621 1621 1751 1659 locum

208 1691 443 1728 attractionis
474 1692 664 1741 exemplis
694 1692 887 1730 adiicienti
919 1715 973 1719 —
1003 1692 1104 1729 illud
1132 1692 1230 1729 forte
1260 1692 1482 1742 largiamur,
1511 1692 1675 1730 verbum
1700 1687 1750 1744 ἧν

209 1760 516 1810 extinguendum
554 1772 659 1809 esse,
697 1764 827 1800 tamen
866 1762 958 1800 satis
992 1762 1136 1800 mirum
1166 1773 1256 1800 esse
1285 1761 1449 1810 videtur,
1481 1761 1585 1812 quod
1614 1761 1752 1800 vocula

208 1835 298 1878 τῶν,
329 1842 427 1880 quae
457 1831 643 1868 articulus
673 1832 936 1869 tantummodo
967 1826 1054 1869 esse
1085 1835 1221 1881 potest,
1251 1832 1324 1869 hoc
1353 1832 1436 1868 loco
1466 1836 1546 1869 tam
1575 1832 1751 1870 absolute

207 1901 362 1952 ponitur
404 1913 473 1951 pro
519 1904 710 1940 structura
746 1901 898 1945 articuli
935 1914 1024 1940 cum
1061 1901 1259 1953 participio
1297 1902 1508 1941 coniuncti:
1547 1907 1625 1942 τῶν
1663 1901 1751 1957 περὶ

208 1968 350 2023 Σάρδις
382 1994 437 1998 —
467 1972 680 2024 γινομένων
719 1973 801 2010 sive
838 1969 1005 2018 ἐόντων,
1043 1973 1152 2011 velut
1181 1973 1223 2010 in
1252 1973 1277 2010 l.
1309 1973 1349 2010 II
1380 1973 1420 2011 C.
1454 1976 1499 2011 4:
1530 1974 1597 2012 καὶ
1627 1970 1751 2028 αὐτῆς

210 2037 308 2081 εἶναι
339 2036 454 2081 οὐδὲν
485 2035 678 2094 ὑπερέχον
709 2047 801 2082 τῶν
831 2046 899 2083 νῦν
931 2039 1076 2095 ἔνερθε
1106 2040 1246 2097 λίμνης
1273 2048 1345 2098 τῆς
1365 2039 1529 2097 Μοίριος
1550 2040 1749 2095 ὲόντων;

207 2111 233 2148 1.
264 2111 305 2149 Π
336 2111 376 2149 Ο.
412 2114 463 2150 79
495 2116 587 2150 τῶν
624 2111 711 2164 περὶ
736 2108 930 2162 Αἴγυπτον
970 2109 1168 2159 ἐόντων,
1206 2113 1231 2150 1.
1263 2113 1323 2150 ΠΙ
1355 2113 1394 2151 C.
1430 2116 1502 2153 76:
1541 2111 1632 2153 τῶν
1663 2114 1752 2167 περὶ

208 2177 452 2236 Πρηξάσπεα
474 2179 798 2235 πρηχθέντων
823 2178 972 2228 εἰδότες
993 2177 1119 2222 οὐδέν.
1150 2183 1329 2233 Denique
1351 2184 1527 2222 codicum
1543 2185 1749 2234 scriptura:

208 2256 285 2292 τῶν
316 2248 365 2307 ἧν
404 2252 521 2291 efficit
550 2253 738 2303 profecto,
775 2256 820 2292 ut
854 2253 971 2292 totius
1008 2253 1083 2292 loci
1115 2265 1254 2293 sensus
1284 2254 1398 2305 plane
1428 2255 1657 2306 perspicuus
1688 2256 1750 2305 sit,

208 2334 297 2360 cum
326 2324 461 2361 verba:
493 2328 570 2362 τῶν
600 2320 649 2377 ἧν
682 2346 736 2351 —
767 2325 791 2361 i.
813 2336 846 2362 e.
867 2324 1016 2363 τοὺτων
1046 2325 1096 2363 τὰ
1125 2321 1174 2378 ἧν
1207 2347 1261 2351 -
1292 2329 1397 2363 recte
1418 2327 1681 2364 tantummodo
1700 2327 1751 2365 de

208 2394 335 2443 rebus,
366 2406 494 2445 neque
525 2394 574 2433 (le
603 2394 779 2445 personis
808 2394 1071 2445 intellegenda
1103 2395 1199 2446 sint;
1230 2395 1270 2433 id
1301 2396 1403 2446 quod
1433 2396 1630 2436 Matthiaei
1660 2409 1756 2436 con-

207 2463 353 2502 iectura
383 2465 424 2502 in
454 2465 581 2503 medio
611 2465 805 2514 relinquit.
867 2466 991 2524 Immo
1020 2467 1182 2504 verbum
1203 2463 1252 2520 ἧν
1274 2467 1306 2504 si
1327 2467 1593 2515 abiecerimus,
1614 2469 1749 2506 verba:

208 2539 284 2574 τῶν
320 2531 368 2590 ἧν
405 2548 487 2586 sqq.
526 2539 675 2575 tantum
720 2535 769 2575 ad
805 2536 982 2576 homines
1019 2537 1121 2575 circa
1152 2536 1292 2576 Sardes
1330 2541 1370 2576 et
1404 2538 1533 2588 ipsum
1564 2538 1752 2578 Croesum

328 2650 357 2693 l)
394 2649 435 2684 R.
473 2650 693 2685 Foersterus:
736 2650 779 2685 de
816 2651 1022 2686 attractione
1060 2651 1343 2700 enuntiationum
1373 2652 1615 2697 relativarum,
1646 2664 1679 2697 p.
1712 2653 1750 2687 9.

207 2706 365 2742 Berolini
391 2709 493 2744 1866.

326 2765 356 2810 2)
380 2766 566 2802 Matthiae:
592 2768 630 2802 in
655 2768 785 2802 adnott.
811 2768 895 2803 edit.
922 2768 965 2803 ad
989 2769 1024 2803 h.
1050 2768 1073 2803 1.

326 2824 356 2867 3)
380 2824 566 2861 Matthiae:
593 2827 846 2862 Ausfiihrliche
873 2827 1007 2872 griech.
1034 2828 1248 2863 Gramniatik
1273 2830 1292 2874 ξ
1317 2829 1386 2864 473
1411 2830 1516 2864 Anm.
1544 2830 1576 2864 1.
