1978 3194
872 666 1165 733 VITA.

367 833 588 897 Emanuel
635 855 855 897 Oswaldus
901 855 1001 907 May
1047 857 1172 895 natus
1220 868 1315 895 sum
1360 855 1428 894 die
1468 854 1586 894 XVI.
1628 854 1787 894 mensis

245 926 500 967 Novembris
532 940 565 967 a.
597 926 635 966 h.
669 939 699 967 s.
730 926 838 967 LIV.
869 927 915 966 in
946 927 1040 967 vico
1071 926 1253 980 regionis
1274 924 1503 977 Nissensis,
1533 925 1604 965 cui
1632 935 1785 965 nomen

244 999 309 1036 est
344 996 534 1048 Heidau,
577 999 693 1049 patre
737 995 964 1048 Emanuel,
1005 999 1136 1036 matre
1172 995 1360 1047 Rosalia,
1395 1008 1418 1035 e
1453 997 1578 1048 gente
1616 993 1787 1045 Jander,

245 1065 406 1119 quibus
452 1065 591 1106 adhuc
637 1065 939 1119 superstitibus
984 1065 1105 1106 valde
1149 1065 1323 1120 gaudco.
1399 1064 1547 1105 Fidem
1591 1063 1787 1119 profiteor

245 1136 501 1176 catholicam.
576 1135 831 1176 Litterarum
877 1136 1084 1177 elementa
1127 1139 1352 1189 postquam
1397 1134 1546 1186 didici,
1590 1134 1689 1174 inde
1734 1132 1786 1174 ab

246 1219 357 1248 anno
389 1206 427 1247 h.
452 1219 482 1248 s.
504 1204 656 1247 LXIV.
678 1205 944 1261 frequentavi
965 1206 1242 1261 gymnasium
1261 1205 1477 1259 Nissense,
1509 1204 1622 1260 quod
1643 1205 1787 1247 etiam-

247 1290 366 1316 nunc
398 1277 601 1329 auspiciis
632 1290 670 1315 v.
693 1276 741 1315 cl.
763 1276 864 1316 Iulii
896 1276 1074 1327 Zastra
1103 1276 1233 1317 floret.
1284 1276 1591 1316 Testimonium
1613 1276 1787 1315 maturi-

244 1347 343 1388 tatis
381 1350 533 1388 nactus
572 1346 904 1388 Universitatem
941 1347 1178 1388 litterarum
1208 1346 1456 1387 Viadrinam
1491 1347 1594 1400 petii
1632 1346 1786 1386 studiis

244 1417 514 1472 philologieis
554 1428 722 1471 operam
759 1416 946 1458 daturus.
1007 1416 1122 1458 Inter
1157 1417 1272 1458 cives
1303 1404 1562 1458 academicos
1592 1418 1786 1470 receptus

247 1501 271 1527 a
303 1501 341 1526 v.
374 1487 422 1527 cl.
454 1486 564 1527 Prof.
594 1486 647 1526 H.
680 1486 1003 1540 Schroetero,
1037 1500 1166 1541 penes
1199 1500 1326 1541 quem
1361 1490 1464 1528 tunc
1493 1487 1627 1528 fasces
1658 1490 1788 1540 erant,

246 1572 320 1613 per
350 1561 508 1612 septem
546 1558 765 1599 semestria
803 1558 958 1599 scholis
993 1559 1167 1599 interfui
1197 1558 1485 1613 philologieis,
1514 1558 1788 1612 philosophis,

245 1630 459 1670 historicis
509 1629 700 1669 virorum
746 1628 1108 1670 doctissimorum:
1163 1629 1340 1682 HertZ,
1384 1628 1787 1681 Reifferscheid,

245 1699 529 1752 Rossbach,
588 1698 887 1752 Weinhold,
946 1698 1180 1752 Pfeiffer,
1236 1699 1506 1753 Bobertag,
1554 1698 1787 1751 Dilthey,

245 1770 443 1822 Weber,
473 1768 723 1821 Koerber,
753 1768 992 1823 Oginski,
1021 1768 1335 1822 Junkmann,
1370 1769 1644 1810 Neumann.
1705 1768 1787 1809 Per

248 1841 333 1882 duo
381 1841 599 1881 semestria
642 1839 817 1880 interfui
863 1839 1238 1881 exercitationibus
1285 1841 1499 1881 semin-arii
1543 1840 1786 1894 philologici

248 1910 586 1963 extraordinarii,
616 1909 767 1951 deinde
797 1921 871 1964 per
902 1909 986 1950 duo
1019 1910 1235 1951 semestria
1261 1910 1415 1952 sodalis
1436 1923 1550 1952 eram
1571 1910 1786 1952 seminarii

247 1981 492 2036 philologici
539 1981 751 2022 ordinarii.
813 1979 1023 2022 Omnibus
1067 1984 1209 2022 autem
1245 1982 1349 2023 viris
1391 1982 1666 2034 doctissimis,
1712 1982 1786 2034 qui

247 2055 404 2093 rectam
435 2051 541 2091 mihi
578 2051 815 2092 litterarum
853 2051 1163 2092 tractandarum
1198 2053 1312 2092 viam
1339 2055 1380 2093 et
1408 2053 1614 2093 rationem
1649 2054 1786 2092 osten-

249 2122 423 2175 derunt,
460 2135 648 2163 summas
683 2135 801 2163 nunc
843 2122 998 2177 gratias
1037 2134 1114 2176 ago
1155 2135 1402 2177 semperque
1440 2136 1567 2179 quam
1603 2122 1787 2164 maxime

246 2206 423 2250 possum
454 2206 585 2248 agam.
