1978 3194
909 202 912 203 ⁷
944 143 1003 203 ³6.

195 293 476 331 nonnunquam
506 281 692 329 omiserit⁷
722 281 975 320 vindicemus.
1041 281 1207 328 Xerxes,
1246 285 1290 319 ut
1319 281 1368 319 ad
1405 284 1582 320 nostrum
1618 283 1746 323 locum

195 355 380 399 revertar,
411 362 570 401 prorsus
607 351 865 401 adstipulatur
902 352 1086 390 Artabani
1123 352 1171 390 de
1208 352 1287 389 vita
1323 352 1492 390 humana
1530 354 1745 394 sententiae

196 426 236 460 et
265 425 467 472 propterea
497 422 605 460 addit
634 434 847 472 pronomen
878 422 1239 460 demonstrativum:
1271 421 1459 476 τοιαυτης,
1491 434 1568 472 quo
1588 424 1745 472 gravius

197 495 307 531 sonet
343 492 449 530 notio
486 492 572 530 illa:
620 491 751 547 βιοτῆς
783 488 1053 547 ἀνθρωπηίης.
1129 492 1217 530 Huc
1262 496 1392 530 autem
1437 493 1596 541 accedit,
1643 495 1745 543 quod

196 575 408 612 pronomen
428 563 636 601 relativum
656 563 906 601 coniunctum
927 567 987 601 est
1007 575 1095 601 cum
1115 563 1252 601 verbo:
1285 559 1394 609 εἶναι,
1416 563 1469 601 ita
1489 566 1533 601 ut
1554 553 1747 604 stmctu‘ra

196 632 405 671 accusativi
436 644 526 671 cum
556 633 765 671 infinitivo:
798 629 885 687 οἵην
917 644 989 685 περ
1022 656 1076 660 -
1108 629 1203 672 εἶναι
1235 656 1290 660 -
1323 644 1509 682 suspensa
1549 645 1571 671 e
1608 635 1744 673 verbo:

197 700 362 754 διαιρέαι
408 704 564 741 0111111110
610 715 679 741 suo
724 703 808 741 loco
855 704 906 741 sit
949 716 1017 753 pro
1062 703 1241 752 genetivo
1286 706 1463 741 attracto:
1510 699 1618 756 οἵης
1655 716 1746 742 cum

196 773 397 812 infinitivo.

314 843 452 893 Neque
499 844 654 882 silentio
700 844 1033 894 praetermittendi
1070 848 1160 881 sunt
1196 843 1290 890 loci,
1328 844 1394 881 ubi
1424 855 1635 892 pronomen
1665 840 1746 892 οἷος

196 926 286 952 611111
316 914 521 964 particula:
553 925 597 953 τε
616 914 868 953 coniunctum
890 914 1102 953 adhibetur.
1152 914 1211 952 De
1232 914 1381 963 origine
1403 917 1443 952 et
1464 913 1745 963 significatione

195 985 409 1033 particulae
440 996 484 1022 τε
514 984 558 1022 Gr.
584 984 779 1034 Curtiusl)
809 986 905 1022 haec
941 986 1113 1022 adnotat:
1144 996 1214 1021 aus
1252 984 1342 1022 dem
1372 984 1543 1022 Stamme
1578 995 1632 1022 ’κα
1663 988 1747 1023 ent-

197 1054 348 1104 springt
374 1065 417 1093 τε
448 1054 520 1092 mit
549 1066 572 1093 τ
599 1054 662 1092 fiir
682 1065 719 1103 κ,
745 1066 865 1104 quare
890 1054 1048 1093 voculae
1071 1065 1115 1093 τε
1138 1054 1198 1091 vis
1221 1054 1521 1092 demonstrativa
1541 1053 1747 1093 tribuenda

196 1128 267 1172 est,
284 1125 325 1162 id
342 1125 444 1174 quod
462 1124 791 1174 Sehoemannus2)
807 1125 870 1162 his
885 1125 967 1163 fere
983 1125 1112 1162 verbis
1128 1124 1257 1162 docet:
1281 1124 1510 1174 particulam
1529 1136 1573 1163 τε
1593 1125 1746 1163 etiamsi

196 1195 421 1233 correlativa
451 1195 549 1234 ratio
579 1195 683 1234 inter
712 1195 821 1233 illam
853 1199 893 1234 et
922 1195 1232 1233 coniunctionem
1262 1194 1329 1233 καὶ
1354 1194 1436 1232 sive
1457 1206 1501 1233 τε
1521 1195 1745 1244 intercedat,

197 1265 498 1303 demonstrativa
534 1265 574 1302 vi
611 1265 787 1302 indutam
825 1276 914 1302 cum
950 1264 1240 1313 pronominibus
1278 1264 1404 1302 velut:
1445 1260 1549 1309 ὅστε,
1588 1261 1672 1311 οἷός
1702 1277 1747 1304 τε

197 1335 380 1384 coniungi
425 1335 608 1385 idemque
655 1335 875 1384 significare
920 1334 1025 1384 quod
1072 1338 1202 1372 nostro
1249 1345 1444 1390 sermone:
1493 1334 1596 1383 „da“,
1644 1337 1747 1383 ,‚so“.

196 1406 334 1454 Itaque
379 1406 456 1442 iam
501 1406 549 1442 ad
596 1405 770 1453 singulos
807 1405 912 1442 locos
947 1409 1207 1450 transeannm,
1246 1406 1310 1441 ubi
1347 1417 1559 1453 pronomen
1590 1401 1672 1452 οἷός
1701 1417 1745 1444 τε

196 1475 411 1523 invenitur,
450 1475 559 1513 velut
588 1475 629 1512 in
666 1475 691 1512 1.
723 1475 743 1512 Ι
774 1474 815 1512 C.
852 1477 931 1513 112
965 1470 986 1513 ὁ
1018 1472 1061 1512 δὲ
1095 1469 1167 1512 οὐκ
1197 1471 1272 1528 ἔφη
1306 1471 1387 1521 οἷός
1417 1475 1450 1513 τ’
1484 1472 1582 1514 εἶναι
1613 1471 1746 1523 ἄλλως

197 1539 299 1582 αὐτὰ
320 1545 472 1592 ποιέειν,
494 1556 592 1594 quae
613 1545 730 1582 verba
750 1544 804 1581 ita
819 1544 1083 1592 intellegenda
1099 1548 1200 1591 sunt,
1217 1548 1260 1581 ut
1274 1545 1496 1593 primariam
1514 1548 1745 1583 structuram

195 1615 295 1653 hanc
324 1615 448 1653 fuisse
479 1626 726 1653 censeamus:
759 1610 780 1653 ὀ
813 1612 856 1653 δὲ
888 1609 962 1653 οὐκ
991 1611 1067 1669 ἐἰρη
1099 1618 1268 1661 τοιοῦτος
1300 1610 1395 1654 εἶναι
1427 1610 1507 1662 οἷός
1537 1626 1580 1654 τε
1611 1610 1744 1671 ἄλλως

196 1680 295 1723 αὐτὰ
341 1686 461 1724 ποιέοι
500 1685 544 1732 i„
564 1697 597 1723 e.
645 1685 714 1723 ille
752 1688 883 1723 autem
921 1685 1078 1733 negavit
1114 1697 1156 1723 se
1194 1685 1312 1723 talem
1344 1696 1431 1723 esse
1462 1686 1745 1736 qualiscunque

194 1756 290 1793 haec
320 1756 433 1793 aliter
462 1756 615 1793 faceret.
678 1754 784 1802 Quae
815 1755 1099 1793 enuntiationes
1130 1759 1208 1792 tam
1238 1759 1319 1793 arte
1342 1755 1445 1793 inter
1466 1767 1507 1793 se
1528 1752 1743 1804 cohaerent,

195 1830 239 1863 ut
268 1830 465 1874 tamquam
494 1825 537 1862 in
567 1837 685 1862 unam
715 1826 891 1872 abierint,
922 1838 1011 1862 cum
1042 1837 1252 1874 pronomen
1288 1821 1367 1871 οἷός
1398 1837 1438 1863 τε
1468 1838 1490 1862 a
1520 1826 1637 1863 verbo
1668 1823 1743 1880 ἔφη

195 1899 398 1935 attractum
430 1895 490 1933 sit.

313 1966 465 2003 Deinde
495 1967 634 2003 afferre
664 1966 778 2002 liceat
809 1966 834 2001 1.
866 1966 924 2001 IV
941 1965 980 2002 C.
1018 1968 1097 2003 137
1131 1966 1223 2002 inde
1254 1978 1276 2001 a
1306 1966 1452 2002 verbis:
1482 1961 1666 2004 Ἱστιαίου
1697 1965 1741 2004 δὲ

196 2041 263 2077 τοῦ
294 2032 492 2090 Μιλησίου
525 2060 579 2064 —
611 2041 679 2091 τῆς
710 2031 878 2089 Δαρείου
911 2033 954 2075 δὲ
986 2033 1170 2090 δυνάμιος
1190 2031 1495 2090 καταιρεθείσης
1516 2030 1605 2075 οὔτε
1628 2030 1744 2084 αὐτὸς

196 2103 404 2160 Μιλησίων
437 2102 517 2153 οἷός
548 2117 589 2143 τε
629 2103 797 2144 ἔσεσθαι
836 2103 974 2157 ἄρχειν
1007 2129 1061 2132 -
1094 2102 1181 2144 οὔτε
1214 2103 1336 2144 ἄλλον
1368 2101 1512 2144 οὐδένα
1544 2102 1741 2160 οὐδαμῶν,

196 2179 261 2217 ubi
292 2182 371 2216 tota
402 2180 594 2215 structura
629 2177 725 2215 haec
763 2177 878 2215 foret:
917 2172 1005 2216 οὔτε
1043 2171 1159 2225 αὐτὸς
1189 2181 1363 2224 τοιοῦτος
1393 2173 1561 2217 ἔσεσθαι
1592 2173 1672 2226 οἷός
1702 2188 1743 2217 τε

196 2244 402 2302 Μιλησίων
433 2244 551 2300 ἄρχοι
584 2270 637 2274 ——
669 2247 693 2284 i.
725 2259 757 2285 e.
789 2259 918 2297 neque
950 2259 992 2285 se
1013 2248 1143 2296 ipsum
1163 2247 1282 2285 talem
1301 2247 1475 2285 futurum
1496 2259 1583 2286 esse
1600 2248 1742 2298 qualis-

194 2331 348 2369 clmque
380 2342 435 2345 —
468 2319 537 2356 der
568 2318 615 2355 da
633 2341 687 2345 —
705 2316 873 2355 Milesiis
890 2317 1106 2367 imperaret.
1154 2317 1279 2365 Quare
1296 2317 1497 2368 paullatim
1511 2318 1655 2356 factum
1672 2321 1742 2365 est,

194 2394 238 2428 ut
267 2400 481 2439 pronomen
512 2384 592 2435 οἷός
623 2399 665 2426 τε
686 2399 775 2425 cum
795 2388 913 2426 verbo
931 2384 1028 2426 εἶναι
1048 2387 1089 2425 111
1110 2399 1228 2425 unam
1248 2388 1528 2437 quodammodo
1548 2388 1742 2427 notionem

194 2460 429 2498 coalesceret
459 2462 499 2496 et
529 2459 851 2507 significationem
881 2459 1007 2495 verbi:
1039 2470 1178 2507 posse
1209 2458 1396 2496 indueret.

310 2530 398 2567 Alia
429 2528 620 2567 eiusmodi
652 2528 831 2578 exempla
862 2528 1112 2567 inveniuntur
1141 2528 1182 2566 in
1211 2528 1236 2566 1.
1267 2527 1346 2566 VII
1377 2528 1417 2567 C.
1453 2530 1553 2568 104:
1591 2523 1666 2578 ἐγὼ
1698 2524 1741 2565 δὲ

194 2595 286 2639 οὔτε
327 2597 425 2638 δέκα
464 2594 629 2651 ἀνδράσι
670 2594 886 2652 ὑπίσχομαι
924 2594 1005 2645 οἷός
1035 2609 1076 2636 τε
1108 2594 1206 2637 εἶναι
1247 2596 1455 2652 μάχεσθαι
1491 2594 1581 2636 οὔτε
1618 2595 1742 2635 δυοῖσι

193 2672 216 2708 i.
250 2683 282 2708 e.
315 2666 391 2720 ἐγὼ
423 2668 467 2708 δὲ
499 2665 590 2708 οὔτε
621 2674 794 2717 τοιοῦτος
826 2666 923 2709 εἶναι
955 2663 1169 2723 ὑπίσχομαι
1200 2665 1281 2716 οἷός
1311 2680 1352 2708 τε
1384 2668 1566 2723 μάχοιτο;

313 2746 357 2817 1)-
368 2773 408 2809 G.
437 2745 613 2808 Curtius:⁴
637 2772 851 2817 Grundziige
877 2772 939 2807 der
963 2772 1096 2817 griech.
1121 2771 1273 2818 Etymol.
1299 2783 1332 2817 p.
1360 2771 1428 2806 128
1454 2770 1551 2817 (edit.
1578 2767 1653 2811 IL).

311 2833 340 2875 2)
367 2832 603 2868 Schoemann:
630 2832 838 2866 Redetheile
863 2843 895 2875 p.
924 2832 1001 2866 187.
