1978 3194
941 163 997 205 33

210 317 266 358 ἐν;
298 313 464 354 adhibita
494 309 561 356 sit,
607 306 716 344 velut
744 306 785 344 in
814 306 839 344 1.
871 307 890 344 Ι
921 306 961 345 C.
996 310 1040 346 9:
1088 307 1188 360 μετὰ
1217 305 1251 346 δ’
1282 303 1352 361 ἐμὲ
1383 304 1602 346 ἐσελθόντα
1632 318 1737 359 παρ-

209 385 316 427 έσται
344 381 411 422 καὶ
439 375 464 433 ἡ
495 376 588 430 γονὴ
619 371 645 430 ἡ
677 373 752 429 ἐμὴ
785 371 830 423 ἐς
859 379 999 415 κοῖτον·

322 454 346 492 l.
377 450 433 490 IV
465 449 505 487 C.
541 449 611 486 14:
645 442 818 499 φανέντα
848 441 967 486 αὐτὸν
998 444 1052 494 ἐς
1083 443 1362 501 Προκόννησον
1392 453 1565 501 ποιῆσαι·

322 525 347 562 1.
377 521 434 560 IV
465 520 505 558 C.
541 520 612 557 15:
646 514 820 570 φανέντα
850 529 916 573 σφι
946 513 992 566 ἐς
1021 518 1093 572 τὴν
1122 519 1260 573 χώρην
1290 516 1484 558 κελεῦσαι·

321 595 346 632 1.
377 591 434 631 IV
465 590 504 629 O.
539 592 613 629 97:
646 585 695 634 ἐς
725 585 831 628 οἷκον
861 588 929 629 τὸν
961 585 1056 644 ἐμὸν
1087 586 1315 644 ἐπιφάνηθι·

321 665 346 702 1.
376 663 414 699 V
444 662 484 699 C.
519 664 592 699 72:
640 659 741 713 μετὰ
778 658 822 699 δὲ
861 655 975 700 οὐδὲν
1013 657 1138 715 ἧσσον
1168 666 1299 715 παρῆν
1330 658 1379 708 ἐς
1415 660 1485 708 τὰς
1510 656 1685 714 Ἀθήνας
1716 657 1737 700 ὁ

208 730 448 789 Κλεομένης·

322 805 346 842 1.
367 803 404 840 V
426 803 465 841 C.
492 804 593 840 108:
626 797 752 853 ἄνδρα
782 797 940 855 Πέρσην
971 800 1231 856 προςδόκιμον
1262 800 1308 850 ἐς
1337 802 1408 856 τὴν
1438 798 1603 855 Κὺπρον
1632 799 1738 841 εἶναι·

321 877 346 913 1.
377 874 434 912 VI
465 873 505 912 C.
541 876 582 912 1:
616 867 792 921 Ἱστιαῖος
822 870 866 912 δὲ
898 898 951 901 —-
983 878 1113 929 παρῆν
1144 869 1189 922 ἐς
1220 869 1373 927 Σάρδις·

323 947 347 983 1.
385 945 482 982 VIII
527 944 566 982 G.
606 947 680 983 60:
736 940 824 982 οὔτε
872 939 959 998 ὑμῖν
1005 941 1052 989 ἐς
1096 944 1162 983 τὸν
1203 940 1370 998 Ἰσθ-μὸν
1421 941 1659 996 παρέσονται
1704 941 1740 983 οἱ

209 1017 405 1071 βάρβαροι·

321 1089 345 1126 l.
383 1087 480 1125 VHI
518 1086 700 1126 G.·132:
749 1082 802 1135 ὡς
838 1085 880 1125 δὲ
926 1083 1183 1140 παρεγένοντο
1222 1083 1269 1135 ἐς
1313 1087 1384 1141 τὴν
1410 1083 1568 1138 Αἴγιναν
1613 1092 1740 1126 πᾶσαι

209 1174 248 1200 αι
277 1172 370 1205 νεες.
