1978 3194
921 143 974 183 18

185 283 378 334 theilung,
408 284 485 322 wie
515 295 627 333 gross
659 284 717 323 sie
746 285 845 323 auch
876 285 962 324 sein
991 285 1154 324 mochte.
1185 284 1376 323 Baehrius
1385 284 1421 335 ,1)
1450 289 1559 325 recte
1583 293 1731 328 monet

199 365 414 403 pronomen
445 349 539 399 ὅσος
570 351 620 409 δή
650 355 832 405 usurpari
861 354 910 394 de
930 354 1210 405 magnitudine,
1241 366 1339 406 quae
1359 358 1501 406 quanta
1522 356 1574 395 sit
1592 357 1745 399 definiri

195 436 275 462 non
304 424 437 474 possit.
500 425 661 474 Propria
705 429 836 464 autem
880 426 997 464 huius
1042 426 1231 464 enuntiati
1276 428 1467 465 structura
1511 428 1616 467 haec·
1646 430 1739 469 fuit:

194 498 262 534 τοῦ
293 490 430 548 Κὺρου
463 498 628 548 στρατοῦ
659 499 797 549 μοῖραν
827 495 1016 550 τοσαὸτην
1045 492 1152 549 ἔχων
1182 491 1257 550 ὅση
1287 493 1338 550 δή
1366 493 1460 544 ἐστι,
1491 499 1741 548 quamobrem

192 577 405 614 pronomen
443 561 540 619 ὅσην
584 563 634 618 δή
680 578 704 603 a
749 566 988 604 substantivo
1033 570 1170 620 μοῖραν
1213 569 1417 605 attractum
1462 568 1744 617 quodammodo

193 636 423 675 adiectivam
453 640 494 675 et
521 636 684 674 formam
714 640 755 675 et
784 637 1104 686 significationem
1133 636 1309 676 induisse
1338 637 1501 676 videtur.

314 707 363 745 In
392 707 418 745 1.
449 707 479 746 Ι.
512 707 553 746 C.
588 710 671 747 160
700 707 892 757 legimus:
931 704 967 747 οἱ
1005 706 1048 747 δὲ
1078 704 1332 762 Μυτιληναῖοι
1369 706 1643 763 ἐπιπέμποντος
1672 715 1741 751 τοῦ

192 774 410 831 Μαζάρεος
440 773 622 828 ἀγγελίας
652 775 848 818 ἐκδιδόναι
877 779 941 818 τόν
961 774 1146 833 Πακτὺην
1175 779 1508 832 παρεσκευάζοντο
1528 777 1589 819 ἐπὶ
1609 779 1743 834 μισθῷ

194 845 292 901 ὅσῳ
324 847 401 903 δή,
434 860 554 899 quem
582 848 713 887 locum
741 849 977 888 Matthiaeus
1006 849 1032 887 1.
1063 849 1089 887 1.
1119 850 1173 888 ita
1201 850 1494 900 interpretatur:
1525 862 1594 888 um
1624 850 1740 890 einen

191 919 315 967 Lohn,
338 919 416 958 wie
439 930 551 969 gross
574 919 667 958 oder
687 919 827 968 gering
849 931 893 958 er
907 919 1006 958 auch
1023 920 1109 958 sein
1123 920 1286 959 mochte.
1317 919 1427 968 Quod
1449 920 1498 959 ad
1513 920 1742 971 particulam

191 988 241 1043 δή
269 988 457 1039 attinet2),
479 990 545 1027 hic
566 989 666 1028 illud
690 992 841 1027 tantum
864 989 1049 1037 dixerim,
1077 990 1119 1027 in
1140 990 1275 1029 vocula
1298 988 1348 1044 δή
1373 1002 1527 1041 semper
1546 991 1628 1029 fere
1652 1003 1743 1029 cum

191 1060 529 1099 coniunctionibus
554 1059 619 1099 vel
639 1059 934 1109 pronominibus
957 1060 1160 1099 coniuncta
1182 1083 1237 1088 -
1262 1061 1486 1110 generalem
1501 1060 1631 1099 inesse
1645 1061 1739 1099 vim.

311 1130 540 1179 Kruegerus
558 1128 589 1180 3)
635 1129 683 1168 de
727 1128 914 1179 particula
958 1127 1009 1184 δή
1047 1130 1144 1169 haec
1179 1130 1351 1169 adnotat:
1399 1130 1528 1180 einige
1565 1129 1742 1169 Relativs

192 1202 356 1241 werden
393 1201 516 1239 durch
553 1201 617 1239 die
646 1200 970 1239 hinzutretenden
1007 1200 1210 1240 Partikeln
1240 1199 1290 1256 δή
1328 1201 1412 1240 und
1441 1196 1509 1241 οὖν
1543 1201 1586 1239 111
1614 1201 1741 1240 11118111

188 1271 362 1322 Begriffe
393 1270 601 1310 modificirt
633 1270 715 1309 und
745 1270 920 1309 erhalten
954 1270 1042 1309 eine
1071 1271 1143 1309 Art
1171 1269 1468 1323 adjectivischer
1496 1271 1741 1321 Bedeutung,

192 1344 234 1380 id
264 1343 368 1393 quod
398 1343 476 1379 iam
512 1353 627 1391 supra
657 1342 828 1390 exposui.
888 1342 1049 1391 Propria
1083 1345 1214 1380 autem
1242 1342 1359 1380 huius
1388 1343 1463 1380 loci
1491 1342 1614 1380 forma
1642 1342 1742 1380 haec

184 1414 280 1451 fuit:
313 1411 650 1465 παρεσκευάζοντο
681 1407 744 1449 ἐπὶ
775 1410 948 1463 τοσοῦτῳ
981 1409 1112 1465 μισθῷ
1143 1407 1238 1457 ὅσος
1267 1409 1316 1466 δή
1347 1408 1458 1450 ἐστιν.

308 1484 394 1521 Iam
424 1483 618 1533 sequitur,
648 1486 692 1520 ut
720 1483 763 1520 in
793 1482 986 1520 eiusmodi
1015 1483 1208 1532 exemplis
1236 1483 1445 1521 tractandis
1473 1482 1606 1533 paucis
1636 1494 1740 1520 com-

188 1567 406 1594 memorem
443 1554 468 1592 1.
506 1554 527 1592 Ι
565 1553 606 1593 C.
650 1555 751 1593 185:
797 1557 919 1607 χῶμα
964 1550 1008 1592 δὲ
1053 1553 1264 1606 παρέχωσε
1310 1553 1399 1606 παρ’
1445 1549 1627 1605 ἑκάτερον
1671 1555 1738 1591 τοῦ

185 1630 371 1680 ποταμοῦ
403 1625 445 1663 τὸ
476 1622 611 1677 χεῖλος
640 1620 746 1668 ἄξιον
776 1622 990 1677 θωῦματος
1021 1622 1197 1677 μέγαθος
1226 1625 1293 1662 καὶ
1312 1619 1410 1678 ὕψος
1430 1619 1453 1662 ὅ
1462 1635 1544 1662 σον
1573 1635 1612 1661 τι
1642 1618 1736 1668 ἐστί,

190 1711 311 1749 quem
356 1698 486 1737 locum
521 1695 760 1747 Baehrius4),
805 1695 948 1746 quippe
986 1696 1054 1746 qui
1090 1695 1449 1746 Schweighaeuseri
1486 1693 1736 1734 sententiam:

185 1765 285 1808 ὅσον
314 1781 384 1819 pro
415 1764 472 1806 ὅτι
501 1770 684 1806 τοσοῦτον
703 1766 850 1804 dictum
871 1777 959 1804 esse
979 1769 1084 1804 recte
1104 1766 1341 1815 refutaverit,
1371 1767 1425 1804 ita
1444 1755 1736 1816 interpretatur:

188 1843 319 1878 tantae
350 1843 411 1877 est
440 1838 540 1876 illud
570 1849 667 1887 opus
696 1836 978 1885 magnitudinis
1008 1840 1048 1875 et
1076 1836 1303 1885 altitudinis,
1333 1841 1497 1887 quamae
1526 1836 1595 1874 vix
1625 1834 1734 1885 quid-

188 1922 306 1961 quam
343 1909 450 1947 aliud
484 1907 690 1945 invenitur.
757 1905 839 1954 Quo
881 1906 1024 1944 melius
1061 1910 1190 1945 autem
1227 1907 1429 1945 diiudicari
1464 1906 1602 1956 possit,
1649 1907 1735 1942 utra

189 1980 422 2030 significatio
444 1978 682 2029 pronominis
706 1973 799 2016 ὅσον
813 1977 877 2015 1110
898 1980 1083 2027 praestet,
1106 1978 1343 2027 pronominis
1366 1977 1518 2016 relativi
1534 1972 1615 2021 οἷος
1637 1974 1733 2013 ratio

186 2050 365 2090 habenda
383 2053 452 2089 est.
499 2047 690 2088 Omnibus
706 2043 1116 2096 811111110018,111)1οἷος
1135 2047 1240 2087 1(18111
1262 2048 1456 2098 significat
1496 2050 1629 2097 atque:
1676 2040 1734 2083 ὅτι

184 2126 361 2165 τοιοῦτος
393 2142 448 2148 —-
479 2121 525 2157 cs.
556 2120 582 2157 1.
613 2120 632 2156 Ι
664 2119 704 2156 C.
738 2122 805 2166 31,
837 2119 877 2156 C.
912 2122 977 2166 12,
1007 2119 1046 2155 V
1084 2122 1136 2158 92
1174 2119 1194 2163 ζ
1232 2142 1287 2146 -
1325 2122 1413 2156 ante
1451 2116 1734 2156 substantivum

188 2193 238 2231 ad
292 2191 395 2243 quod
449 2190 634 2241 pertinet,
671 2189 840 2240 positum
890 2191 967 2239 est3
1006 2189 1101 2229 item
1145 2202 1357 2241 pronomen
1403 2184 1496 2235 ὅσος
1540 2187 1581 2226 111
1624 2186 1650 2224 1.
1695 2183 1732 2222 V

189 2264 229 2301 C.
272 2265 325 2301 22
372 2274 458 2312 pro:
506 2257 562 2299 ὅτι
606 2264 789 2304 τοσοῦτος
832 2263 1069 2309 usurpatum.
1123 2260 1210 2299 Huc
1259 2261 1418 2307 accedit,
1461 2258 1563 2309 quod
1581 2257 1731 2295 ·verba:

187 2332 367 2388 μέγαθος
396 2331 464 2370 καὶ
493 2326 591 2385 ὕψος
622 2326 714 2369 ὅσον
743 2342 777 2368 τι
811 2327 891 2369 ἐστί
928 2331 1190 2370 tantummodo
1228 2343 1279 2370 ex
1313 2331 1386 2369 hac
1424 2332 1614 2369 structura
1652 2329 1732 2365 orta

184 2416 273 2444 esse
294 2405 475 2454 possunt:
508 2399 685 2455 μέγαθος
700 2400 767 2439 καὶ
783 2395 883 2453 ὕψος
900 2404 1081 2440 τοσοῦτον
1099 2397 1191 2440 ὅσον
1210 2414 1243 2440 τι
1263 2399 1343 2440 ἐστί
1361 2424 1416 2428 -
1436 2403 1565 2438 tantae
1584 2396 1731 2445 magni-

182 2475 336 2515 tudinis
368 2478 408 2513 et
437 2472 671 2520 altitudinis,
711 2471 1074 2522 quantulaecunque
1104 2476 1165 2511 est-
1196 2495 1250 2500 —-
1281 2472 1334 2510 ita
1365 2471 1541 2523 quidem,
1571 2472 1615 2507 ut
1644 2478 1729 2518 pro-

328 2624 356 2667 1)
381 2623 506 2658 Baehr.
533 2622 571 2656 in
595 2622 725 2656 adnott.
752 2622 796 2656 ad
821 2622 855 2656 11.
881 2622 903 2656 1.

326 2694 355 2738 2)
382 2694 618 2730 Schoemann:
645 2691 852 2727 Redetheile
877 2703 909 2737 p.
936 2692 1015 2727 201.

326 2765 355 2808 3)
383 2766 419 2800 C.
446 2765 504 2800 W.
529 2764 703 2808 Krueger:
731 2763 869 2798 Griech.
897 2762 1127 2808 Sprachlehre
1153 2765 1172 2809 ξ
1197 2763 1311 2798 51.15.

313 2837 345 2883 ⁴)
371 2836 506 2873 Baehr:
528 2835 566 2870 in
590 2835 721 2870 adnott.
748 2846 777 2869 a.
803 2834 837 2869 h.
864 2833 886 2868 l.
