1978 3194
973 171 1026 208 20

225 316 383 343 nomen:
417 301 494 344 ὅσα
524 318 610 356 pro:
644 303 702 346 ὅτι
731 312 905 347 τοσαῦτα
936 309 1084 347 dictum
1104 320 1191 347 esse
1212 321 1363 357 censeo,
1396 311 1496 349 sicut
1517 311 1645 360 paullo
1665 314 1770 360 post:

226 370 330 413 ὅσων
360 380 493 414 κακῶν
524 372 845 431 ἐξαπαλλαχθεῖς
875 391 963 429 pro:
996 375 1054 418 ὅτι
1082 378 1280 418 τοσοὺτων
1309 385 1443 419 κακῶν
1474 393 1557 432 sqq.

340 446 365 483 l.
397 446 434 483 V
466 446 506 485 O.
531 450 585 486 20
615 448 683 486 καὶ
713 444 748 486 εἰ
778 449 927 501 πάσῃσι
957 447 1151 500 βούλεσθε
1183 448 1393 503 μίσγεσθαι
1426 450 1494 490 καὶ
1522 448 1689 503 ὁκόσῃσι
1718 448 1771 490 ὧν

226 510 376 555 αὐτέων
406 529 494 567 pro:
526 517 592 557 καὶ
621 517 780 565 ταῦταις
811 514 960 565 ὁκόσας
990 516 1043 559 ὧν
1075 517 1280 572 βούλεσθε.

341 587 489 626 Eadem
520 589 665 627 ratione
686 601 897 638 pronomen
919 587 1019 635 ὅςτις
1038 591 1102 629 vel
1123 587 1224 635 ὅςτις
1251 589 1300 645 δή
1328 593 1544 630 atti-actioni
1564 594 1773 631 obnoxium

225 660 296 705 est,
328 657 368 695 id
399 658 502 708 quod
531 663 688 709 apparet
725 671 776 698 ex
804 660 867 699 his
893 660 1007 699 locis:
1046 660 1070 699 l.
1101 660 1121 699 Ι
1147 661 1186 700 C.
1212 663 1285 701 86:
1324 657 1365 701 ἐν
1388 662 1464 716 νόῳ
1488 659 1594 716 ἔχων
1618 660 1694 703 εἴτε
1720 660 1769 717 δὴ

225 724 432 779 ἀκροθίνια
469 728 595 768 ταῦτα
630 735 824 780 καταγιεῖν
862 730 969 769 θεῶν
1006 727 1127 783 ὅτεῳ
1159 730 1214 785 δή
1254 733 1277 770 i.
1310 745 1342 770 e.
1374 732 1500 785 τοὺτῳ
1531 732 1638 772 θεῶν
1670 729 1772 778 ὅςτις

228 795 277 851 δή
310 793 411 848 eom
442 798 467 836 1.
499 798 540 836 ΙΙ
571 798 610 837 C.
647 802 727 839 113
760 797 803 845 ἐς
832 800 877 839 τὸ
908 796 955 854 ἧν
974 802 1209 855 καταφυγὼν
1235 797 1390 857 οἰκέτης
1410 799 1529 855 ὅτεῳ
1551 799 1772 856 ἀνθρώπων

227 866 459 921 ἐπιβάληται
497 869 688 923 στίγματα
725 866 789 922 ἱρά
828 871 851 908 i.
883 883 916 909 e.
947 872 1182 926 καταφυγὼν
1212 868 1367 926 οἰκέτης
1396 872 1521 925 τοὺτῳ
1553 869 1771 926 ἀνθρώπων

226 934 328 983 ὅςτις
358 936 460 985 ἐστί,
499 940 566 978 ubi
603 940 807 979 Bekkerus
844 953 913 991 pro
950 942 1139 992 scriptum
1169 942 1363 981 codicum:
1403 939 1521 995 ὅτεῳ
1553 944 1769 994 proposuit:

226 1004 390 1057 ὁτευῶν,
429 1022 544 1059 quam
580 1011 841 1049 coniecturam
877 1012 924 1050 H.
958 1012 1148 1061 Steinius,
1186 1013 1426 1062 Dindorfius,
1457 1014 1658 1052 Abichtius
1693 1026 1771 1052 non

224 1082 330 1118 recte
376 1079 417 1117 in
462 1083 613 1119 textum
658 1086 905 1133 receperunt,
952 1094 1042 1121 cum
1078 1083 1248 1122 dativus:
1296 1080 1408 1136 ὅτεῳ,
1447 1096 1564 1134 quem
1601 1084 1771 1122 retinent

224 1150 413 1188 Baehrius
421 1150 452 1199 1)
483 1154 522 1188 et
543 1151 583 1189 C.
605 1151 666 1189 W.
687 1152 914 1201 Kruegerus
922 1152 952 1201 2)
973 1154 1116 1202 optime
1138 1154 1274 1191 referri
1297 1154 1418 1206 possit
1439 1154 1488 1192 ad
1507 1155 1769 1204 participimn:

225 1221 471 1276 καταφυγών.

343 1293 368 1330 l.
406 1293 467 1331 ΙΠ
506 1293 545 1331 C.
590 1297 667 1332 121
717 1295 864 1347 πέμψαι
893 1290 1071 1346 Ὀροίτεα
1131 1292 1173 1338 ἐς
1210 1291 1341 1348 Σάμον
1377 1296 1532 1348 κήρυκα
1571 1291 1682 1333 ὅτευ
1713 1293 1768 1348 δὴ

225 1363 433 1417 χρήματος
463 1361 700 1417 δεησόμενον
730 1364 754 1402 i.
787 1376 818 1402 e.
850 1363 989 1403 τοὺτου
1019 1364 1226 1418 χρήματος
1256 1361 1492 1418 δεησόμενον
1525 1360 1583 1404 ὅτι
1606 1362 1655 1419 δή
1677 1362 1768 1404 ἐστι.

343 1433 367 1470 1.
399 1433 458 1470 ΠΙ
490 1433 530 1471 C.
567 1436 667 1473 145:
700 1429 815 1478 οὗτος
845 1430 917 1473 ὅτι
947 1432 1004 1487 δὴ
1036 1431 1273 1487 ἐξαμαρτών.

342 1504 367 1541 l.
407 1504 467 1541 HI
506 1504 547 1542 C.
583 1507 684 1544 129:
721 1504 787 1543 τὸν
823 1503 867 1543 δὲ
906 1500 961 1549 ὡς
998 1501 1154 1556 ἐξεῦρον
1191 1502 1232 1542 ἐν
1268 1508 1366 1543 τοῖσι
1395 1500 1581 1556 Ὀροίτεω
1625 1500 1769 1557 ἀνδρα-

225 1572 375 1613 πόδοισι
414 1570 530 1613 ὅκου
569 1572 625 1628 δὴ
668 1571 989 1629 ἀπημελημένον,
1036 1575 1102 1612 ubi
1139 1574 1364 1613 adverbium
1402 1570 1497 1613 ὅκοι)
1533 1574 1680 1612 dictum
1711 1579 1771 1613 est

224 1657 310 1694 pro:
343 1639 463 1684 αὐτοῦ
496 1641 591 1683 ὅκοι)
623 1643 673 1698 δὴ
705 1641 762 1698 ἧν.

342 1715 424 1753 Iam
454 1718 684 1765 perventum
715 1719 777 1753 est
805 1715 852 1752 ad
885 1714 1153 1765 explicandam
1173 1714 1396 1752 formulam:
1429 1709 1557 1759 οὐδεὶς
1584 1710 1684 1762 ἕςτις
1711 1709 1770 1762 οἵ),

226 1797 343 1836 quam
380 1786 620 1835 grammatici
634 1784 665 1836 3)
695 1786 813 1835 vulgo
843 1786 1058 1824 attractioni
1088 1786 1265 1824 inversae
1295 1785 1526 1833 attribuunt,
1565 1797 1655 1823 cum
1684 1797 1770 1835 pro-

226 1868 368 1893 nomen
417 1851 544 1900 οὒδείς
589 1869 610 1893 a
658 1856 885 1906 pronomine
930 1856 1090 1894 relativo
1135 1859 1337 1893 attractum
1388 1868 1475 1894 esse
1525 1856 1768 1894 arbitrentur.

226 1927 278 1964 At
326 1938 417 1964 vero
464 1926 653 1964 eiusmodi
700 1929 890 1964 structma
935 1926 976 1963 in
1026 1938 1071 1964 eo
1129 1926 1251 1975 posita
1308 1929 1387 1973 est,
1445 1929 1488 1963 ut
1544 1926 1770 1975 saepissime

226 1996 456 2034 vocabulum
486 1991 613 2041 οὐδείς
654 2019 708 2023 -
746 1996 862 2034 verbo
895 1991 988 2034 εἶναι
1018 1994 1197 2045 omisso4)
1220 2018 1274 2022 —
1295 2007 1384 2033 cum
1414 1995 1638 2045 pronomine
1669 1991 1771 2040 ὅςτις

227 2067 269 2104 in
299 2078 416 2104 unim
446 2066 645 2104 notionem
674 2069 805 2104 nostro
836 2066 993 2115 quidem
1025 2077 1201 2104 sermone
1233 2066 1518 2114 significantem
1538 2066 1690 2115 „jeder“
1714 2089 1769 2093 —

228 2136 428 2183 coalescat,
471 2146 546 2185 qua
591 2135 640 2172 de
685 2146 799 2172 causa
845 2135 1056 2173 enuntiatio
1094 2135 1255 2173 relativa
1299 2147 1322 2172 a
1360 2128 1609 2184 pronomine:
1670 2130 1771 2184 ὅςτις

227 2206 419 2256 incipiens
450 2217 519 2255 per
550 2217 592 2243 se
623 2208 797 2243 constare
835 2217 912 2243 non
942 2209 1077 2255 potest.
1119 2229 1173 2233 —
1210 2205 1294 2243 Iam
1330 2205 1505 2255 quaestio
1534 2204 1771 2246 instituenda

227 2280 288 2314 est
308 2276 356 2313 de
377 2276 461 2313 loco
482 2275 577 2313 satis
606 2275 756 2312 difficili
775 2275 800 2312 l.
822 2274 910 2313 VH.
933 2275 973 2313 C.
1002 2277 1101 2314 145:
1148 2287 1266 2325 quem
1295 2275 1370 2312 viri
1399 2275 1502 2313 docti
1532 2274 1770 2313 multimodis

227 2346 422 2396 explicare
470 2345 719 2384 studuerunt:
765 2345 814 2384 τὰ
860 2343 903 2384 δὲ
949 2341 1130 2390 Γέλωνος
1174 2342 1383 2399 πρήγματα
1422 2342 1575 2398 μεγάλα
1614 2341 1769 2395 ἐλέγετο

228 2413 334 2462 εἶναι,
367 2411 593 2469 οὐδαμῶν
631 2410 869 2468 Ἑλληνικῶν
908 2420 999 2453 τῶν
1036 2410 1087 2453 οὔ
1124 2413 1269 2454 πολλὸν
1307 2415 1425 2469 μέζω.
1500 2416 1558 2452 Ac
1602 2415 1771 2464 primum

229 2487 388 2536 quidem
432 2486 561 2535 agitur
606 2485 655 2524 de
700 2485 943 2535 pronomine:
989 2491 1065 2524 τῶν
1102 2486 1127 2524 i.
1159 2498 1191 2524 e.
1225 2482 1278 2525 ὧν
1314 2486 1357 2523 in
1393 2485 1590 2524 codicibus
1620 2484 1769 2531 tradito,

346 2612 374 2654 1)
399 2612 531 2647 Baehr:
556 2613 595 2646 in
619 2611 753 2646 adnott.
779 2611 822 2645 ad
846 2612 880 2645 h.
906 2611 929 2645 1.

345 2670 374 2714 2)
400 2669 437 2705 C.
463 2670 521 2704 W.
547 2669 723 2714 Krueger:
750 2669 788 2703 in
813 2669 942 2704 adnott.
969 2669 1012 2704 ad
1037 2670 1071 2704 h.
1099 2669 1120 2704 l.

344 2729 374 2771 3)
399 2728 502 2763 Rich.
528 2728 704 2763 Foerster:
731 2728 773 2762 de
798 2728 1004 2763 attractione
1029 2728 1311 2762 enuntiationum
1334 2727 1561 2762 relativarum
1585 2739 1618 2771 p.
1644 2727 1700 2761 37.

344 2786 374 2831 4)
403 2787 442 2823 G.
468 2787 666 2822 Hermann:
704 2787 836 2822 adnott.
863 2787 906 2822 ad
930 2786 1049 2832 Viger.
1075 2798 1108 2832 p.
1136 2786 1204 2822 709
1229 2787 1334 2821 dicit:
1374 2787 1470 2832 origo
1496 2786 1664 2822 fonnulae
1689 2794 1770 2819 sane

225 2847 315 2882 fuit:
342 2846 449 2887 οὒδεὶς
475 2847 565 2889 ἐστιν,
591 2847 629 2886 ὃς
653 2846 703 2881 οὒ.
