1978 3194
928 149 1006 207 '23

323 314 349 351 1.
378 312 439 350 ΠΙ
469 310 646 348 G..131:
677 300 848 363 ἀσκευής
877 320 947 362 περ
977 306 1052 347 ἐὼν
1081 308 1149 347 καὶ
1178 306 1283 361 ἔχων
1314 302 1425 346 οὐδὲν
1450 312 1526 346 τῶν
1547 303 1639 346 ὅσα
1658 305 1747 359 περὶ

203 387 275 439 ’τὴν
303 384 422 435 τέχην
451 378 535 419 ἐστὶ
564 376 763 433 ἐργαλήια.

322 453 347 490 1.
377 450 438 489 ΠΙ
478 449 519 488 G.
554 451 654 489 133:
693 447 909 504 δεήσεσθαι
946 446 991 488 δὲ
1036 443 1197 494 οὐδενὸς
1232 452 1309 487 τῶν
1346 443 1436 487 ὅσα
1474 444 1516 493 ἐς
1553 443 1743 502 αἰσχύνην

204 523 290 564 ἐστὶ
319 522 495 576 φέροντα.
1660 561 1667 568 ‚

321 592 347 629 1.
377 590 416 627 V
446 589 486 628 O.
519 591 595 629 88:
626 586 708 629 ἐπεὶ
737 585 763 644 ἥ
793 601 836 640 γε
867 584 1075 643 Ἑλληνικὴ
1113 586 1239 643 ἐσθὴς
1275 592 1384 628 πᾶσα
1420 584 1447 643 ἡ
1479 584 1627 643 ἀρχαίη
1666 593 1743 628 τῶν

205 667 391 715 γυναικῶν
434 656 461 714 ἡ
507 655 604 715 αὐτὴ
648 656 697 715 ἧν
740 660 824 714 τὴν
866 663 930 699 νῦν
972 655 1131 713 Δωρίδα
1174 657 1378 714 καλέομεν.
1452 658 1539 697 Mea
1584 659 1743 709 quidem

208 731 398 772 sententia
426 731 452 768 l.
482 730 508 768 1.
528 730 745 769 Herodotus
764 730 1028 768 attractionem
1053 742 1132 768 non
1150 729 1354 768 admisisse
1373 729 1537 776 videtur,
1559 729 1743 781 quoniam

204 805 246 841 et
273 800 452 840 verbum:
483 797 692 854 καλέομεν,
721 797 919 847 καλέουσι,
950 802 990 838 et
1018 799 1181 839 verbum
1209 796 1291 839 ἐστί
1319 810 1397 837 non
1428 798 1554 838 solum
1583 799 1632 837 ad
1655 810 1741 850 pro-

206 884 347 910 nomen
394 871 600 909 relativum
649 871 828 920 pertinet,
881 870 951 909 sed
1001 871 1088 908 aliis
1138 871 1333 908 vocabulis
1378 892 1433 898 ——
1478 868 1741 924 θεσμοφόρια,

206 938 405 995 ἐργαλήια,
434 939 613 995 φέροντα,
644 935 802 993 Δωρίδα
833 962 888 967 -
916 939 1205 988 determinatur,
1236 939 1377 991 quippe
1398 951 1495 990 quae
1515 939 1741 989 genetivum

205 1011 270 1049 vel
298 1011 470 1048 dativum
504 1010 741 1060 pronominis
775 1010 928 1048 relativi
957 1010 1106 1048 altu-aeti
1135 1010 1297 1048 induere
1326 1022 1404 1048 non
1433 1010 1591 1060 possint.
1651 1010 1740 1048 Hue

205 1093 296 1120 vero
310 1080 466 1129 aceedit,
483 1080 585 1131 quod
599 1081 882 1120 enuntiationes
898 1081 1100 1120 relativae:
1117 1080 1187 1135 τὴν
1204 1104 1259 1109 -
1275 1078 1526 1149 θεσμοφόρια
1540 1078 1739 1126 καλέουσι,

207 1148 282 1189 ὅσα
321 1173 376 1177 ——
414 1148 497 1189 ἐστὶ
541 1148 740 1204 ἐργαλήια,
787 1147 863 1189 ὅσα
899 1173 954 1177 -
993 1148 1076 1190 ἐστὶ
1120 1151 1303 1203 φέροντα,
1349 1155 1389 1189 et
1425 1151 1531 1201 ipsae
1570 1151 1740 1200 legentis

204 1220 376 1259 animum
416 1232 648 1271 magnopere
692 1220 735 1258 in
772 1232 814 1260 se
851 1223 1096 1269 convertunt,
1134 1221 1383 1272 quamobrem
1421 1233 1510 1260 eum
1540 1222 1741 1261 enuntiato

201 1291 383 1342 primario
411 1303 483 1341 per
510 1291 774 1330 attractionem
802 1291 1027 1330 coniunctae
1057 1303 1134 1329 non
1164 1295 1263 1330 sunt.
1609 1283 1617 1289 ²
