1978 3194
965 131 988 168 8

204 272 294 307 τῶν
340 264 494 322 ἔργων
539 273 626 308 τῶν
673 264 900 323 ἐντέλλομαι
945 267 1135 324 λείπηται,
1181 266 1355 324 ἔκπεμπε
1402 265 1447 309 ἐκ
1492 274 1561 324 τῆς
1605 270 1754 327 χώρης.

203 338 400 377 Nimirum
438 351 649 389 pronomen
684 339 1030 378 demonstrativum
1059 339 1208 379 τοὺτων
1240 352 1567 391 supervacaneum
1597 351 1685 378 esse
1715 345 1755 379 et

203 409 367 448 fortasse
412 410 598 448 mendosa
642 410 887 448 librariorum
925 410 1114 460 scriptura
1152 411 1342 450 contineri
1372 411 1562 461 quispiam
1600 410 1753 458 dixerit,

203 481 432 530 praesertim
470 493 560 518 cum
598 481 811 519 enuntiatio
841 481 1020 519 relativa:
1058 485 1136 519 τῶν
1167 477 1396 535 ἐντέλλομαι
1434 481 1567 519 sensui
1595 492 1754 530 prorsus

205 551 424 589 satisfaciat.
488 550 546 589 Sit
575 551 638 589 ita.
702 551 780 590 Sed
811 551 905 601 quid
935 551 1108 600 impedit,
1140 551 1348 601 quominus
1367 551 1559 590 Herodoto
1581 550 1754 589 nondum

203 621 244 658 in
273 621 463 670 perpolito
493 621 647 660 dicendi
678 633 823 670 genere
854 621 1025 659 versanti
1055 621 1174 659 talem
1204 622 1441 671 pronominis
1464 621 1754 660 demonstrativi

202 702 330 739 usum,
362 691 505 741 quippe
537 691 604 742 qui
630 691 747 730 etiam
766 691 869 741 apud
887 691 986 730 alios
1007 692 1214 741 scriptores
1234 692 1458 742 reperiatur,
1488 691 1753 730 vindicemus?

202 761 267 799 Me
288 762 454 811 quidem
481 762 609 800 iudice
628 773 841 811 pronomen
872 762 1220 800 demonstrativiun
1241 763 1396 800 efficere
1416 762 1578 809 videtm,
1609 765 1653 799 ut
1675 764 1754 800 tota

202 832 416 870 enuntiatio
455 832 598 870 maiore
635 832 801 882 quadem
837 833 874 869 vi
906 836 949 870 ut
986 832 1215 881 gravissima
1254 833 1295 870 in
1325 832 1497 870 medium
1526 832 1752 881 proferatur,

202 913 291 940 cum
336 902 420 952 ipsa
466 902 531 940 illa
579 914 693 953 opera
738 903 786 940 ab
823 902 993 940 Hercule
1030 903 1209 941 mandata
1247 902 1403 940 maximi
1442 901 1628 940 momenti
1664 913 1752 941 esse

202 973 376 1011 debeant.
439 973 526 1011 Huc
563 974 728 1020 accedit,
768 973 869 1022 quod
908 973 1168 1011 Buttmannus
1176 972 1206 1022 1)
1245 973 1293 1011 de
1331 973 1565 1011 attractionis
1603 972 1752 1021 origine

202 1042 366 1092 eiusque
398 1043 500 1092 apud
530 1042 665 1081 atticos
698 1043 903 1093 scriptores
934 1054 1010 1080 usu
1041 1043 1167 1081 docet:
1206 1054 1417 1093 pronomen
1447 1042 1651 1081 relativum
1680 1042 1753 1081 hac

202 1113 427 1151 condicione
464 1115 511 1151 ab
547 1114 791 1152 antecedenti
829 1114 987 1151 nomine
1025 1117 1230 1151 attractum
1261 1125 1367 1160 esse,
1405 1117 1449 1151 ut
1478 1114 1579 1162 apud
1609 1126 1753 1151 nomen

201 1182 357 1220 deesset
376 1194 590 1232 pronomen
610 1183 966 1221 demonstrativum.
1013 1184 1064 1220 At
1084 1195 1175 1221 vero
1197 1182 1231 1220 si
1250 1186 1449 1233 praeterea·
1467 1183 1516 1220 ad
1535 1183 1751 1232 augendam

201 1253 377 1291 vocabuli
399 1254 595 1292 notionem
615 1266 828 1303 pronomen
848 1254 1194 1292 demonstrativum
1213 1253 1387 1291 additum
1408 1257 1523 1298 esset,
1546 1254 1752 1303 scriptores

201 1323 341 1361 usitata
356 1323 523 1362 dictione
539 1324 776 1362 attractionis
799 1324 843 1361 in
859 1324 1016 1362 modum
1036 1324 1196 1361 formata
1212 1335 1303 1361 usos
1319 1334 1531 1373 pronomen
1546 1323 1751 1362 relativum

200 1395 377 1445 posuisse
408 1397 451 1433 in
481 1407 575 1433 casu
604 1396 843 1446 pronominis
874 1396 1174 1434 demonstrativi.

318 1465 460 1504 Nostro
505 1478 595 1504 cum
640 1466 724 1504 loco
769 1466 981 1516 compa-rari
1016 1469 1141 1515 potest
1171 1465 1196 1502 1.
1233 1465 1302 1503 III.
1336 1465 1375 1504 G.
1409 1467 1482 1505 80:
1515 1462 1676 1518 δεύτερα
1707 1463 1751 1504 δὲ

201 1535 382 1574 τούτων
420 1541 508 1574 τῶν
547 1532 568 1575 ὁ
601 1535 827 1589 μούναρχος
864 1537 983 1574 ποιέει
1014 1531 1127 1574 οὐδέν
1156 1548 1241 1585 pro:
1278 1528 1352 1573 τῶν
1385 1559 1439 1563 ——
1470 1536 1589 1573 ποιέει
1620 1530 1750 1584 οὖδέν;

200 1605 225 1643 l.
257 1605 316 1643 IV
347 1605 387 1644 C.
422 1608 475 1645 86
510 1605 544 1658 β.
582 1601 669 1645 οὔτε
703 1606 902 1661 μέμνημαι
939 1605 982 1644 τὸ
1013 1610 1171 1660 πρῆγμα
1210 1600 1297 1644 οὔτε
1336 1618 1383 1660 με
1414 1606 1608 1661 περιφέρει
1638 1601 1752 1645 οὐδὲν

204 1672 347 1714 εἰδέναι
377 1676 562 1714 τοὺτων
591 1682 680 1714 τῶν
711 1661 821 1729 ὑμεῖξ
850 1675 997 1725 λέγετε,
1045 1680 1084 1713 et
1113 1676 1138 1713 1.
1160 1676 1237 1713 VII
1269 1676 1309 1713 C.
1333 1674 1408 1725 87.
1453 1675 1632 1713 τοὺτων
1662 1680 1751 1718 τῶν

201 1743 396 1790 κατέλεξα
426 1740 813 1800 ὑπεξαραιρημένων,
852 1746 919 1784 ubi
956 1757 1168 1796 pronomen
1198 1745 1542 1784 demonstratimm
1574 1746 1752 1796 sequitur

202 1816 416 1853 enuntiatio
446 1816 606 1854 relativa
637 1819 851 1854 attracta.
1302 1856 1305 1859 ,

319 1887 403 1924 Iam
434 1887 482 1925 de
512 1887 661 1925 duobus
693 1887 884 1937 exemplis
915 1887 1108 1936 agendum
1140 1890 1211 1933 est.
1243 1899 1341 1936 quae
1371 1887 1636 1925 attractionem
1666 1898 1751 1936 pro-

201 1957 369 1994 nominis
415 1957 568 1995 relativi
614 1957 731 1996 etiam
776 1957 817 1994 in
862 1957 1041 2005 genetivo
1081 1956 1266 2005 singulari
1305 1961 1388 2012 τῆς
1421 1957 1632 1995 admissam
1662 1968 1750 1995 esse

201 2027 493 2075 demonstrant,
539 2039 628 2065 011111
673 2027 990 2065 antecedentibus
1032 2027 1127 2064 locis
1171 2028 1396 2075 genetivum
1441 2027 1631 2077 pliualem
1674 2032 1751 2066 τῶν

200 2100 405 2136 attractiun
452 2098 757 2146 cognoverimus.
819 2097 866 2134 In
902 2097 927 2134 l.
968 2096 1025 2134 IV
1064 2096 1103 2134 C.
1139 2099 1191 2136 78
1230 2097 1416 2146 legimus:
1464 2093 1569 2135 ἀλλὰ
1605 2094 1751 2135 πολλὸν

199 2168 298 2220 πρὸς
343 2168 391 2206 τὰ
417 2163 634 2221 Ἑλληνικὰ
681 2165 831 2221 μᾶλλον
877 2168 1140 2221 τετραμμένος
1184 2164 1231 2221 ἦν
1278 2164 1353 2207 ἀπὸ
1399 2165 1621 2213 παιδεὺσιος
1665 2172 1751 2221 τῆς

200 2234 469 2286 ἐπεπαίδευτο,
516 2238 582 2276 ubi
629 2238 841 2276 enuntiatio
886 2238 1045 2276 relativa
1084 2240 1162 2275 tam
1199 2242 1281 2276 arte
1320 2239 1497 2277 cohaeret
1533 2250 1624 2276 cum
1662 2238 1750 2276 sub-

200 2310 384 2352 stantivo:
433 2307 668 2355 παιδεύσιος,
714 2312 758 2346 ut
795 2312 1003 2358 utrumque
1042 2308 1222 2346 orationis
1258 2310 1476 2347 membrmn
1513 2307 1750 2347 attractionis

198 2380 355 2418 vinculo
386 2383 609 2419 conectatur
639 2390 802 2417 necesse
834 2378 895 2425 sit,
926 2378 1154 2428 praesertim
1192 2390 1281 2417 011111
1316 2378 1578 2429 participiimiz
1609 2389 1749 2417 πεπαι-

199 2448 428 2504 δευμένηςῖ)
474 2450 583 2488 1111110
628 2453 738 2499 pacto
784 2448 859 2485 dici
898 2444 1019 2497 possit
1056 2461 1123 2497 pro
1161 2449 1423 2487 enuntia-tione
1461 2448 1639 2487 relativa:
1678 2451 1751 2501 τῆς

199 2517 453 2562 ἐπεπαίδευτο
484 2518 507 2562 i.
531 2534 563 2560 e.
585 2520 655 2575 τὴν
687 2518 762 2574 (ἢν)
794 2515 1055 2559 ἐπεπαίδευτο.

318 2592 501 2640 Quamvis
546 2596 677 2630 autem
722 2591 897 2629 attractio
939 2590 1011 2628 hoc
1056 2590 1139 2647 loco
1175 2590 1277 2627 nulli
1322 2590 1478 2628 omnino
1522 2587 1750 2627 dubitationi

199 2664 363 2702 obnoxia
394 2664 459 2709 sit,
496 2667 627 2701 tamen
672 2663 836 2701 fortasse
882 2660 1072 2711 quispiam
1108 2661 1366 2708 contenderit,
1412 2661 1636 2709 genetiviun
1681 2663 1750 2712 τῆς

319 2766 347 2808 1)
373 2761 583 2801 Buttmann:
611 2765 751 2800 Griech.
779 2763 992 2799 Grammatik
1018 2765 1037 2809 ξ
1062 2763 1140 2798 310.
1167 2764 1200 2798 3.
1229 2764 1331 2798 Anni.
1354 2763 1386 2797 2.

319 2825 348 2862 2)
374 2825 602 2869 Bernhardy:
629 2822 917 2859 WVissenschaftl.
945 2822 1082 2867 Syntax
1107 2834 1139 2867 p.
1166 2822 1246 2857 301.
