1978 3194
990 124 1013 160 2

230 272 392 299 numero
422 261 472 299 ad
502 262 658 312 epicum
689 273 906 300 sermonem
928 262 1211 300 accommodata
1240 274 1332 301 usos
1362 274 1461 311 esse,
1492 263 1534 301 id
1554 264 1657 314 quod
1677 267 1779 306 cadit

230 331 348 368 etiam
386 331 424 368 in
457 331 707 379 Herodotum,
746 331 888 381 quippe
927 332 996 380 qui
1032 335 1185 381 praeter
1222 332 1431 370 dictionem
1468 334 1576 383 copia
1613 336 1778 384 quadam

231 402 438 439 verborum
468 402 727 440 abundantem
757 401 988 450 plermnque
1018 404 1212 439 vetustam
1250 402 1530 440 sententiarum
1559 403 1779 444 iimcturam

234 475 391 510 secutus
408 472 582 521 singulas
613 471 896 511 enuntiationes
926 483 1002 509 non
1034 471 1286 521 hypotactice,
1319 472 1387 510 sed
1419 473 1647 522 paratactice
1677 475 1779 515 inter

235 554 277 581 50
315 545 551 591 conecteret,
599 555 674 593 quo
713 542 866 580 facilius
906 554 1160 592 quaecunque
1205 542 1352 581 diceret
1397 546 1530 582 essent
1566 544 1777 585 intellectu.

233 613 385 652 Deinde
415 617 547 652 autem
576 614 643 652 ubi
674 614 878 663 scriptores
911 616 1116 651 senserimt
1145 613 1249 652 inter
1280 613 1455 662 singulas
1494 615 1779 656 enuntiationes

232 684 475 722 intercedere
506 684 717 722 discrimen
743 684 899 734 aliquod
919 695 1114 733 unamque
1134 696 1412 734 nonnunquam
1432 685 1554 723 artius
1574 686 1779 727 cohaerere

234 767 323 792 cum
361 755 492 801 altera,
538 755 579 792 id
615 755 808 804 imprimis
854 754 1095 801 studuerunt,
1140 758 1184 791 ut
1227 755 1423 792 enuntiata
1468 755 1778 805 demonstrativa,

233 824 463 875 praesertim
494 837 583 862 cum
621 836 830 874 pronomen
868 824 1213 862 demonstrativum
1248 825 1291 862 in
1326 837 1538 874 pronomen
1574 826 1778 865 relativum

233 895 367 941 abiret,
398 898 594 932 mutarent
623 895 664 931 in
694 894 854 932 relativa
884 894 1013 943 itaque
1052 906 1142 931 cum
1179 895 1497 933 antecedentibus
1535 896 1660 944 magis
1691 909 1779 935 con—

235 966 451 1014 iungerent.
512 966 563 1002 At
607 976 698 1002 vero
743 976 832 1002 cum
869 964 947 1001 iam
991 964 1039 1001 ad
1084 964 1182 1001 hanc
1227 964 1409 1002 orationis
1454 965 1780 1005 continuationem

235 1035 432 1085 progressi
463 1038 605 1081 essent,
642 1034 740 1071 illud
774 1046 927 1083 quoque
958 1035 1068 1071 fieret
1098 1034 1274 1084 oportuit,
1305 1038 1349 1072 ut
1368 1035 1653 1074 enuntiationes
1683 1036 1779 1074 rela-

235 1106 349 1151 tivae,
379 1116 477 1153 quae
498 1116 587 1141 oum
606 1104 848 1141 antecedenti
869 1104 1025 1141 nomine
1046 1115 1163 1140 unam
1184 1107 1334 1140 tantum
1354 1104 1551 1142 notionem
1571 1105 1779 1153 efficerent,

236 1186 308 1225 per
351 1173 617 1212 attractionem
661 1173 776 1212 etiam
826 1173 868 1210 in
918 1173 1080 1211 formam
1125 1173 1242 1211 11111115
1287 1173 1456 1212 notionis
1500 1174 1779 1223 redigerentur.

238 1244 496 1293 Quamobrem
518 1244 561 1282 G.
583 1244 830 1282 Hermamius
845 1243 874 1292 l)
905 1244 1170 1282 attractionem
1201 1244 1406 1294 descripsit
1435 1245 1497 1282 his
1517 1245 1665 1283 verbis:
1699 1248 1782 1293 „est

237 1319 369 1354 autem
399 1315 572 1354 attractio
604 1315 644 1353 111
675 1327 720 1353 eo
750 1314 882 1365 posita,
915 1315 948 1353 si
987 1315 1080 1365 quid
1111 1327 1167 1364 eo,
1199 1315 1300 1365 quod
1339 1315 1456 1354 simul
1486 1315 1535 1353 ad
1572 1315 1669 1354 duas
1699 1327 1781 1354 ora-

237 1386 355 1424 tionis
386 1389 513 1435 partes
544 1385 720 1432 refertur,
751 1386 800 1422 ad
831 1397 994 1434 quarum
1014 1385 1174 1423 alteram
1205 1397 1281 1423 non
1311 1389 1415 1423 recte
1442 1385 1619 1433 refertur,
1650 1386 1781 1424 ambas

238 1457 279 1494 in
309 1468 427 1493 unam
457 1455 690 1503 coniiuigitf‘

355 1526 461 1564 Haec
498 1528 628 1563 autem
664 1525 836 1563 attractio
873 1525 1024 1563 admitti
1061 1537 1138 1563 non
1175 1529 1311 1575 potest,
1359 1526 1392 1563 si
1423 1538 1565 1564 nomen
1595 1526 1781 1564 enuntiati

241 1597 434 1647 primarii,
496 1608 517 1633 e
580 1608 655 1645 quo
714 1596 856 1648 pendet
907 1596 1118 1633 enuntiatio
1168 1596 1344 1643 relativa,
1412 1596 1595 1634 vocabulo
1655 1596 1783 1645 aliquo

240 1667 456 1706 accuratius
507 1666 700 1715 definitur,
751 1667 876 1704 velut:
929 1664 1146 1720 μεταδίδως
1197 1661 1302 1720 αὐτῷ
1352 1671 1421 1706 τοῦ
1474 1664 1582 1706 σίτου
1633 1664 1781 1710 πολυ-

240 1736 411 1784 τελοῦς
443 1733 560 1789 ὅνπερ
591 1734 708 1789 ἔχεις.
750 1737 808 1775 De
834 1737 997 1786 reliquis
1027 1737 1264 1775 attractionis
1284 1738 1420 1776 formis
1452 1749 1521 1775 suo
1541 1738 1625 1776 loco
1657 1749 1783 1775 sermo

243 1808 327 1847 erit.
373 1807 487 1845 Nunc
518 1819 609 1846 vero
641 1807 739 1845 illud
770 1810 918 1845 tantum
949 1808 1147 1857 explanari
1167 1808 1296 1856 velim,
1328 1820 1470 1847 nomen
1500 1809 1629 1858 ipsum
1659 1820 1784 1857 giam-

241 1879 405 1916 maticae
427 1878 536 1915 illius
556 1878 706 1926 figurae
727 1890 843 1926 quam
874 1878 1007 1915 dicunt
1037 1879 1313 1926 attractionem,
1334 1891 1581 1928 nequaquam
1601 1878 1784 1916 traditiun

242 1960 330 1986 esse
362 1960 384 1985 a
414 1947 611 1985 veteribus
642 1947 913 1995 grammaticis,
953 1947 1021 1986 sed
1052 1948 1212 1986 verbum
1250 1948 1408 1998 quidem
1440 1948 1661 1996 „trahendffl
1699 1958 1784 1997 pro-

240 2018 363 2056 ficisci
394 2030 416 2055 a
437 2018 640 2055 notissimo
660 2017 908 2065 grammatico
929 2018 1130 2056 Francisco
1152 2019 1315 2067 Sanctio,
1347 2019 1489 2068 quippe
1511 2019 1578 2068 qui
1598 2019 1640 2055 in
1660 2029 1785 2066 gram-

241 2089 379 2126 matica
412 2099 491 2135 sua,
524 2099 622 2137 quae
652 2087 875 2125 inscribitiu·
907 2087 1124 2135 „Minerva“
1156 2089 1422 2128 attractionem
1453 2088 1580 2139 qualis
1611 2090 1716 2126 esset
1744 2086 1786 2124 in

240 2161 375 2209 lingua
404 2159 523 2196 latina
552 2159 748 2196 illustrare
776 2158 972 2208 inciperet.
1019 2159 1173 2197 Primus
1194 2160 1334 2198 deinde
1366 2159 1646 2208 „attractionis“
1677 2169 1786 2195 voca-

240 2231 377 2268 bulum
423 2229 625 2279 usurpavit
670 2228 853 2267 Claudius
897 2229 1160 2274 Lancelotus„
1198 2230 1249 2268 At
1293 2242 1384 2269 vero
1429 2230 1521 2268 inde
1566 2242 1588 2267 a
1635 2226 1787 2266 saeculo

239 2300 357 2339 XVII
386 2311 513 2348 usque
543 2300 592 2336 ad
624 2300 823 2352 saeculum
853 2300 950 2337 XIX
987 2301 1223 2338 attractionis
1262 2301 1366 2339 notio
1404 2311 1578 2338 summae
1616 2297 1786 2335 incuriae

241 2374 280 2408 et
311 2370 495 2408 oblivioni
526 2369 690 2407 obnoxia
721 2369 805 2416 fuit,
837 2370 959 2407 donec
989 2370 1248 2408 Buttmannus
1262 2370 1293 2420 2)
1326 2369 1607 2418 „attractionis‘⁴
1646 2378 1788 2405 nomen

240 2441 282 2478 in
313 2439 604 2489 grammaticam
639 2451 817 2488 graecam
855 2439 1000 2489 recepit
1038 2440 1200 2490 eiusque
1237 2441 1434 2479 notionem
1470 2443 1510 2478 et
1544 2439 1643 2476 fines
1681 2447 1787 2484 saga-

241 2511 398 2549 cissime
427 2510 617 2560 exposuit,
649 2510 827 2560 quamvis
848 2513 887 2547 et
916 2510 1000 2560 ipse
1031 2523 1108 2548 non
1140 2512 1233 2549 satis
1264 2511 1446 2549 distincte
1476 2510 1549 2547 hac
1578 2509 1620 2546 in
1650 2519 1692 2545 re
1722 2506 1788 2543 de-

239 2582 409 2619 finienda
440 2584 663 2619 versaretur
693 2580 913 2630 multosque
943 2581 1047 2618 locos
1082 2581 1269 2619 tribueret
1298 2580 1524 2628 attractioni,
1557 2579 1625 2629 qui
1655 2587 1789 2615 revera

385 2742 412 2782 1‘)
439 2743 482 2777 cf.
508 2742 697 2776 Hermann.
725 2741 855 2776 adnott.
882 2741 924 2775 ad
950 2741 1069 2786 Viger.
1096 2753 1129 2786 p.
1155 2742 1234 2776 889.

383 2801 412 2844 2)
439 2803 482 2836 cf.
508 2801 718 2835 Buttmann:
745 2801 876 2845 griech.
905 2800 1117 2835 Grannnatik
1143 2802 1162 2845 ξ
1189 2801 1257 2835 138
1282 2800 1349 2845 (ed.
1376 2799 1471 2840 VII).
