1978 3194
961 162 1013 199 27

215 305 351 343 verbo:
384 299 553 354 ἐνόμισε,
583 301 751 350 positum
788 304 871 349 est,·
897 312 986 339 cum
1017 301 1184 339 Croesus
1219 301 1318 339 fflud
1354 301 1558 350 praecipue
1596 300 1753 339 disertis

217 373 346 413 verbis
363 371 580 422 exprimere
595 371 709 410 velit:
733 383 820 411 sese
837 371 962 410 solum
977 371 1150 411 omnium
1164 371 1365 411 hominum
1380 384 1468 411 esse
1483 371 1753 422 felicissimum

216 455 345 494 neque
375 442 496 480 alium
525 453 768 492 quemquam.
1538 430 1541 433 ’

331 512 479 551 Eadem
508 512 557 550 de
592 524 707 550 causa
741 513 982 551 accusativus
1020 513 1202 551 subiecti:
1241 509 1411 560 έωυτοὺς
1446 513 1649 551 adhibetur
1685 524 1753 561 pro

216 582 470 623 nominativo:
519 577 629 622 αὐτοί
671 583 713 621 in
750 583 775 621 1.
821 584 851 622 Ι.
891 584 931 622 C.
981 586 1086 623 134:
1134 583 1353 638 νομίζοντες
1397 579 1607 631 ἑωυτοὺς
1653 579 1752 622 εἶναι

216 650 437 705 ἀνθρώπων
468 642 606 706 μακρῷ
636 653 686 691 τὰ
716 654 841 692 πάντα
871 650 1064 706 ἀρίστους·

330 722 356 759 1.
387 722 417 760 Ι.
450 722 490 760 Ο.
526 726 628 762 171;
662 719 766 762 ἀλλὰ
785 723 982 776 νομίζουσι
1002 718 1113 762 αὐτοὶ
1140 720 1345 770 ἑωυτοὺς
1367 720 1462 762 εἶναι
1482 718 1752 775 αὐτόχθονας·

330 791 355 829 L
365 791 415 829 Π.
429 791 469 830 C.
487 794 510 830 2
524 804 532 830 :
547 789 721 846 ἐνόμιζον
734 788 753 831 ἑ
763 805 795 831 ω
802 804 854 831 υτ
862 804 884 831 ο
893 792 914 832 ὺ
922 805 942 840 ς
953 793 1130 845 πρώτους
1147 789 1333 843 γενέσθαι
1346 793 1501 831 πάντων
1515 787 1750 844 ἀνθ-ρώπων·

329 861 355 898 1.
387 861 454 899 IV.
486 862 526 900 C.
560 865 612 906 92
635 862 707 915 τὴν
743 861 787 901 δὲ
810 863 929 914 φάναι
959 860 1141 916 ἑωυτὴν
1183 862 1289 915 ἔχειν
1320 863 1386 901 καὶ
1415 858 1489 902 οὒκ
1518 858 1749 901 ἀποδώσειν·

328 930 355 968 1.
400 931 468 969 IV.
515 931 555 971 C.
598 934 670 972 78:
723 928 760 971 οἱ
805 930 849 972 δὲ
894 928 1204 985 Βορυσθενεῗται
1249 928 1354 972 οὗτοι
1399 929 1554 983 λέγουσι
1599 927 1752 984 σφέας

214 996 388 1048 αὐτοὺς
419 998 517 1041 εἶναι
546 997 776 1056 Μιλησίους·

329 1072 354 1110 1.
385 1072 452 1111 IV.
485 1073 526 1112 C.
559 1075 632 1113 94:
664 1068 756 1113 οὔτε
786 1070 1057 1128 ἀποθνήσκειν
1089 1070 1256 1122 ἑωυτοὺς
1285 1074 1495 1126 νομίζουσι.

327 1142 389 1182 Ex
431 1144 494 1182 his
538 1144 658 1194 igitur
702 1145 892 1196 exemplis
938 1145 1075 1195 elucet,
1127 1148 1359 1184 structuram
1407 1145 1615 1184 accusativi
1660 1155 1749 1182 cum

210 1214 400 1252 infinitivo
429 1227 498 1264 pro
517 1216 752 1254 nominativo
778 1228 871 1274 cum
899 1217 1091 1254 infinitivo
1112 1229 1266 1266 semper
1295 1217 1377 1254 fere
1398 1220 1622 1265 usurpatam
1648 1226 1749 1262 esse,

213 1284 260 1322 si.
276 1284 379 1322 inter
409 1285 624 1323 subiectum
653 1286 843 1324 enuntiati
873 1287 1092 1325 secundarii
1122 1290 1161 1325 et
1196 1287 1311 1325 aliam
1340 1298 1424 1325 rem
1453 1286 1518 1324 vel
1547 1296 1750 1335 personam

209 1357 361 1393 certum
391 1355 582 1404 quoddam
611 1356 822 1394 discrimen
851 1357 1074 1395 intercedat.

328 1425 478 1465 Deinde
507 1426 748 1465 accusativus
777 1439 846 1477 pro
866 1427 994 1466 dativo
1019 1427 1223 1466 adhibetur
1252 1427 1313 1466 his
1334 1426 1447 1465 locis:
1479 1426 1521 1464 in
1540 1425 1565 1463 1.
1586 1425 1616 1463 Ι.
1639 1424 1679 1463 O.
1703 1427 1747 1464 3:

212 1490 314 1534 οὕτω
346 1494 571 1549 δὴ-τοῖσι
585 1491 758 1551 Ἕλλησι
788 1495 897 1542 δόξαι
928 1502 1077 1551 πρῶτον
1108 1494 1393 1552 πέμψαντας
1424 1492 1609 1546 ἀγγέλους
1631 1491 1747 1533 ἀπαι-

209 1562 310 1605 τέειν
338 1579 426 1616 pro:
458 1563 683 1621 πέμψασι·

327 1636 353 1673 1.
369 1636 398 1673 Ι.
417 1636 457 1674 C.
483 1635 554 1675 19:
579 1634 672 1675 εἴτε
687 1636 755 1676 καὶ
775 1632 881 1691 αὐτῷ
903 1636 1015 1682 ἔδοξε
1034 1634 1288 1692 πέμψαντα
1306 1637 1375 1676 τὸν
1394 1635 1494 1675 θεὸν
1515 1631 1748 1688 ἐπείρεσθαι

210 1707 297 1759 περὶ
332 1713 405 1762 τῆς
441 1707 594 1755 νοὺσου,
633 1721 708 1758 quo
746 1709 829 1747 loco
865 1709 1092 1759 Baehriusl)
1129 1710 1405 1747 coniecturam:
1452 1703 1642 1761 πέμψαντι
1679 1718 1747 1755 pro

210 1778 425 1816 accusativo
434 1762 449 1816 ε’
481 1774 688 1832 πέμψαντα
725 1779 827 1818 male
863 1779 1050 1830 prolatam
1079 1782 1183 1818 recte
1218 1778 1410 1825 refutavit,
1447 1788 1537 1815 cum
1572 1776 1747 1814 codicum

210 1847 343 1887 lectio:
376 1845 583 1902 πέμψαντα
611 1850 700 1888 aliis
731 1850 921 1889 eiusmodi
950 1850 1140 1900 exemplis
1160 1850 1329 1888 dilucide
1349 1849 1633 1899 comprobetur:
1666 1847 1691 1885 1.
1715 1847 1745 1885 Ι.

211 1917 252 1957 C.
285 1921 359 1959 37:
393 1916 424 1958 ὦ
455 1920 589 1973 πάτερ,
620 1920 670 1959 τὰ
699 1918 889 1960 κάλλιστα
917 1921 1104 1974 πρότερόν
1140 1929 1234 1960 κοτε
1270 1919 1337 1959 καὶ
1373 1919 1625 1970 γενναιότατα
1654 1914 1746 1973 ἡμῖν

208 1986 259 2044 ἧν
295 1988 336 2037 ἔς
372 2002 417 2029 τε
455 1988 652 2044 πολέμους
686 1991 754 2031 καὶ
791 1990 833 2037 ἐς
862 1989 986 2045 ἄγρας
1023 1988 1313 2044 φοιτέοντας
1340 2003 1429 2041 pro:
1462 1987 1658 2042 φοιτέουσι
1690 2012 1744 2017 —

174 2074 176 2076 ·
209 2055 459 2115 εὐδοκιμέειν·
535 2105 542 2111 ,

326 2131 350 2169 1.
381 2131 429 2169 V.
462 2132 502 2170 C.
538 2135 639 2171 109:
680 2128 715 2171 εἰ
745 2133 814 2186 μὲν
844 2132 918 2185 γὰρ
950 2132 1044 2186 πεζῇ
1078 2129 1277 2184 βουλεσθε
1307 2128 1524 2184 ταχθέντες
1555 2126 1744 2182 Περσέων

209 2199 498 2255 διαπειρᾶσθαι,
538 2198 621 2257 ὥρη
661 2199 708 2242 ἄν
740 2200 800 2257 εἴη
840 2197 926 2257 ὑμῖν
963 2200 1203 2256 ἐκβάντας
1240 2226 1294 2229 -
1332 2214 1418 2253 pro:
1465 2199 1657 2253 ἐκβάσασι
1690 2224 1744 2228 -

208 2267 255 2310 ἐκ
274 2277 352 2312 τῶν
372 2277 472 2312 νεῶν
492 2270 716 2313 τάσσεσθαι
745 2273 856 2327 πεζῇ·

324 2343 349 2380 1.
378 2343 446 2381 V1.
481 2344 521 2382 O.
558 2347 657 2383 109:
696 2340 737 2383 ἐν
774 2344 837 2383 σοὶ
874 2349 942 2383 νῦν
980 2340 1222 2397 Καλλίμαχε
1258 2340 1341 2382 ἐστὶ
1377 2339 1402 2395 ἢ
1441 2339 1745 2381 καταδουλῶσαι

202 2405 379 2466 Ἀθήνας
408 2408 434 2467 ἢ
457 2408 674 2466 ἐλευθέρας
704 2410 974 2467 ποιήσαντα
1006 2436 1060 2440 -
1091 2425 1178 2464 pro:
1202 2407 1400 2467 ποιήσαντι
1423 2434 1476 2438 -
1500 2411 1743 2465 μνημόσυνον

207 2481 402 2524 λιπέσθαι.
929 2475 931 2477 ’

324 2556 517 2607 Equidem
551 2569 620 2596 cur
661 2557 723 2596 his
757 2557 853 2596 locis
887 2556 1103 2596 Herodotus
1141 2555 1356 2595 accusativo
1392 2566 1461 2605 pro
1492 2553 1619 2592 dativo
1648 2563 1743 2590 usus

209 2626 259 2664 sit
302 2628 443 2666 iustam
487 2640 644 2666 causam
688 2628 863 2666 invenire
908 2640 986 2665 non
1029 2639 1205 2677 possum,
1243 2626 1471 2676 praesertim
1508 2637 1596 2663 cum
1627 2623 1744 2662 etiam

206 2696 358 2736 dativus
390 2699 474 2737 sine
505 2699 620 2737 dubio
649 2699 740 2748 poni
769 2699 899 2749 possit.

326 2834 353 2877 1)
379 2835 508 2870 Baehr:
534 2836 572 2870 in
596 2836 726 2871 adnott.
752 2836 795 2870 ad
820 2836 854 2870 h.
879 2836 904 2870 l.
