1978 3194
948 138 998 174 12

196 278 400 313 versantes
433 279 608 325 spectare
638 278 802 325 possunt
840 287 930 313 011111
968 287 1105 324 graeco
1144 287 1320 313 sermone
1350 275 1514 313 formula
1528 274 1556 323 1,
1578 274 1606 323 2,
1628 274 1646 303 3
1670 287 1678 313 ε
1710 272 1747 315 οἱ

199 344 285 396 περί
316 357 397 383 τινα
429 345 659 395 saepissime
691 349 875 395 usurpata
908 346 1100 394 significet
1130 358 1209 392 6308,
1249 345 1316 395 qui
1352 346 1399 384 ab
1436 346 1600 384 alicuius
1637 349 1747 395 parte

202 417 304 452 stant
334 415 396 453 vel
426 415 529 464 apud
560 415 674 453 11111111
705 419 1000 463 commorantur,
1038 416 1146 454 velut
1182 416 1224 452 in
1253 416 1278 453 1.
1310 415 1360 470 ΙΙ..
1401 415 1440 454 C.
1477 418 1558 455 163
1596 415 1664 454 καὶ
1702 412 1754 454 οἵ

202 497 246 523 τε
277 485 384 538 περὶ
413 485 492 524 τὸν
518 481 711 540 Ἀπρίην
743 482 804 526 ἐπὶ
833 486 924 532 τοὺς
955 482 1186 537 Αἰγυπτίους
1215 482 1330 540 ἥισαν
1360 486 1426 526 καὶ
1461 482 1505 526 οἱ
1534 486 1640 539 περὶ
1670 485 1746 525 τὸν

198 550 399 607 Ἄμασιν
423 552 484 594 ἐπὶ
506 556 598 600 τοὺς
624 554 781 601 ξείνους.
824 557 897 595 His
914 557 1033 606 igitur
1049 557 1097 595 (le
1113 557 1242 595 causis
1257 557 1362 595 hunc
1380 557 1510 595 locum
1529 548 1747 594 attractioni

199 625 489 663 attribuendum
519 638 607 665 esse
638 627 829 674 contendi,
865 627 1042 676 quamvis
1072 627 1174 677 apud
1193 627 1431 666 Herodotum
1454 627 1613 677 quidem
1632 626 1747 676 plane

202 695 331 732 simile
389 697 614 745 exemplum
672 697 899 734 nominativi
956 697 1195 746 pronominis
1254 697 1407 735 relativi
1462 696 1613 734 attracti
1669 707 1747 733 non

202 764 432 804 invenerim.

317 836 400 873 Iam
420 837 593 887 reliquos
614 837 718 875 locos
740 837 909 876 breviter
930 839 1245 886 commemorabo,
1266 837 1334 876 ubi
1355 837 1567 876 enuntiatio
1587 836 1747 875 relativa

194 910 358 943 attracta
379 919 401 944 e
424 909 650 956 pronomine
681 903 807 950 οὐδέν,
841 909 1071 946 substantivi
1101 909 1254 956 vicario,
1285 908 1438 957 pendet,
1469 908 1537 957 qui
1568 910 1659 944 sunt
1688 907 1745 944 hi:

199 975 223 1012 1.
256 976 305 1013 II.
340 976 379 1015 C.
417 980 488 1015 14:
521 976 560 1016 οἳ
588 974 677 1016 οὔτε
710 974 862 1030 ἀρότρῳ
896 973 1202 1032 αναῤῥηγνυντες
1232 973 1411 1022 αὔλακας
1440 974 1577 1030 ἔχουσι
1607 977 1748 1022 πόνους

200 1042 288 1084 οὔτε
321 1045 560 1092 σκάλλοντες
581 1044 670 1086 οὔτε
694 1044 794 1085 ἄλλο
816 1044 1065 1101 ἐργαζόμενοι
1086 1044 1137 1086 οὐ
1148 1046 1170 1086 δ
1178 1048 1224 1085 ὲν
1244 1053 1333 1086 τῶν
1354 1043 1390 1086 οἱ
1411 1044 1525 1086 ἄλλοι
1546 1043 1748 1099 ἄνθρωποι

200 1116 286 1168 περὶ
316 1114 427 1171 λήιον
459 1119 651 1156 πονέουσι.

316 1188 341 1225 1.
373 1188 441 1226 ΙΧ.
476 1184 518 1226 C]
550 1191 624 1228 98:
663 1189 821 1233 πάντως
850 1188 924 1240 γὰρ
957 1184 1094 1227 οὐδὲν
1126 1189 1336 1241 συνήσουσι
1366 1184 1519 1239 Πέρσαι
1548 1192 1638 1226 τῶν
1670 1183 1746 1236 ἐγὼ

199 1252 286 1312 υμῖν
317 1253 557 1312 ἐντέλλομαι.

317 1329 341 1366 l.
389 1329 457 1367 IX.
508 1329 547 1367 C.
601 1332 701 1368 116:
757 1333 879 1367 ταῦτα
926 1327 1050 1379 λέγων
1096 1324 1289 1374 εὐπετέως
1334 1325 1478 1381 ἔμελλε
1524 1324 1746 1366 ἀναπείσειν

201 1395 349 1452 Ξέρξην
396 1397 532 1438 δουναι
579 1395 721 1451 ἀνδρὸς
767 1396 883 1445 οἷκον,
932 1394 1069 1437 οὐδὲν
1124 1393 1421 1452 ὑποτοπηθέντα
1466 1402 1554 1436 τῶν
1600 1393 1748 1442 ἐκεῖνος

201 1465 374 1524 ἐφρόνεε.

317 1540 423 1578 Haec
462 1543 593 1578 autem
639 1540 818 1590 exempla
858 1551 1069 1590 pronomen
1107 1539 1315 1578 relativum
1352 1543 1425 1578 τῶν
1461 1551 1483 1576 a
1522 1537 1747 1588 pronomine

202 1606 316 1649 οὐδέν
338 1615 544 1649 attractum
576 1623 664 1649 esse
693 1611 912 1649 luculenter
932 1611 1216 1654 deinonstrant;
1249 1622 1368 1659 quare
1397 1610 1475 1647 iam
1504 1613 1747 1646 transeamus

194 1680 247 1717 *ad
279 1692 344 1718 eos
375 1681 491 1727 locos,
523 1681 588 1718 ubi
620 1680 832 1719 enuntiatio
863 1680 1021 1718 relativa
1052 1683 1210 1718 attracta
1242 1679 1384 1729 pendet
1413 1691 1434 1717 e
1454 1668 1746 1728 praepositione.

927 1799 1023 1843 §3-

257 1877 318 1920 ne
350 1876 613 1922 attractione
647 1876 980 1921 enuntiationum
1013 1875 1283 1920 relativarum
1316 1887 1340 1921 e
1373 1875 1685 1931 praepositione

820 1945 1096 2001 pendentium.

319 2030 522 2069 Eiusmodi
552 2030 789 2068 attractionis
820 2030 1009 2080 exempla,
1041 2042 1139 2080 quae
1169 2030 1270 2080 apud
1291 2030 1529 2069 Herodotum
1553 2030 1747 2079 leguntur,

201 2101 253 2138 ita
284 2104 499 2150 comparata
533 2103 634 2138 sunt.
666 2103 708 2137 ut
739 2112 838 2150 quac
876 2100 926 2138 sit
957 2112 1090 2138 eorum
1120 2103 1255 2138 natura
1293 2104 1409 2151 atque
1447 2100 1598 2139 indoles
1634 2100 1747 2139 facile

201 2172 384 2220 cognosci
421 2172 554 2221 possit.
631 2172 688 2209 Ac
724 2172 895 2220 primum
933 2172 1090 2220 quidem
1130 2173 1247 2210 affero
1284 2172 1309 2209 1.
1349 2172 1378 2209 I.
1416 2172 1456 2209 C.
1501 2176 1542 2210 1:
1590 2173 1745 2225 πέμπτῃ

200 2240 245 2281 δὲ
284 2238 309 2296 ἢ
349 2240 444 2296 ἕκτῃ
484 2237 617 2297 ἡμέρῃ
662 2236 728 2280 ἀπ’
776 2238 830 2297 ἥς
867 2238 1063 2289 ἀπίκοντο,
1118 2238 1442 2297 ἐξεμπολημένων
1495 2254 1562 2298 σφι
1600 2239 1747 2296 σχεδὸν

200 2314 356 2352 πάντων
402 2326 498 2363 sqq.,
543 2314 610 2351 ubi
647 2324 853 2363 pronomen
899 2314 1104 2352 relativiun
1142 2311 1190 2368 ἧς
1227 2326 1317 2352 011111
1352 2314 1634 2364 praepositione
1671 2309 1746 2351 ἀπὸ

200 2384 449 2422 coniunctum
480 2396 502 2422 e
535 2387 746 2421 structura:
779 2379 854 2421 ἀπὸ
886 2379 1078 2437 ταυτηςῄ
1111 2387 1238 2422 ortum
1259 2395 1348 2422 esse
1370 2384 1585 2422 statuimus.
1637 2382 1749 2430 Quod

199 2466 291 2493 vero
322 2453 591 2502 Bernhardy4)
622 2454 725 2491 1111110
756 2453 885 2491 10011111
915 2454 1179 2492 tantummodo
1210 2466 1280 2504 per
1316 2454 1474 2504 ellipsin
1510 2453 1748 2504 pronominis

192 2525 493 2563 «demonstrativi
532 2524 806 2575 explicandum
846 2536 932 2563 cssc
970 2525 1135 2572 adnotat,
1173 2525 1211 2562 id
1251 2524 1408 2562 omnino
1446 2524 1605 2574 quidem
1642 2525 1749 2562 recte

319 2639 346 2680 1)
372 2639 596 2683 Bernhardy:
622 2638 909 2691 Wissenschaftl.
936 2637 1072 2683 Syntax
1097 2650 1130 2683 p.
1156 2638 1235 2673 263.

318 2697 348 2735 2)
372 2697 558 2731 Kuehner:
586 2697 843 2731 Ausfiihrliche
871 2697 1086 2731 Grammatik
1111 2698 1130 2742 ξ
1155 2697 1235 2731 437.
1262 2696 1317 2730 ΙΠ
1343 2696 1411 2741 (ed.
1438 2696 1499 2735 ΙΙ).

318 2756 347 2797 3)
373 2755 563 2791 Matthiae:
591 2755 848 2791 Ausfiihrliche
875 2755 1243 2800 ἓ«1110011.(111111111111111
1268 2755 1305 2790 Π
1330 2758 1349 2801 ξ
1374 2754 1453 2789 583.

318 2815 350 2857 4)
378 2814 601 2859 Bernhardy:
640 2813 926 2849 Wissenschaftl.
954 2813 1089 2858 Syntax
1115 2825 1148 2859 p.
1174 2814 1242 2848 286
1267 2815 1303 2848 ct
1328 2825 1359 2857 p.
1387 2813 1465 2847 301.
